2934 4966
390 343 431 398 De
449 341 478 398 L.
501 339 609 397 Annaei
629 341 752 396 Senecae
771 338 899 409 epistulis
918 336 1080 395 moralibus.
1256 341 1322 405 625

148 517 199 572 est
219 516 352 572 conatus.
385 510 571 570 Rectissime.
603 509 680 568 Nam
695 509 772 569 hanc
791 529 881 568 unam
900 528 965 569 esse
983 510 1062 570 viam
1081 509 1192 569 rectius
1209 510 1324 586 aliquid

148 601 355 662 constituendi
375 602 410 660 de
425 598 568 676 temporis
584 598 686 657 ordine
702 601 820 658 servato
835 603 888 658 aut
902 601 1041 674 corrupto
1055 599 1115 657 iam
1129 600 1322 675 cognovimus

145 694 181 751 et
201 693 227 751 si
247 709 367 750 causam
384 689 551 750 uidebimus
566 688 759 766 probabilem,
778 708 830 747 cur
845 688 956 748 Seneca
974 689 1053 747 hunc
1070 688 1171 763 ipsum
1189 689 1323 748 ordinem

146 780 293 840 maluerit
307 798 396 855 quam
412 779 513 856 alium,
532 777 557 836 si
577 796 647 853 ergo
667 796 887 853 cognoscemus,
912 797 971 837 non
991 796 1063 836 casu
1082 778 1133 836 s'ed
1153 780 1235 837 certo
1255 797 1322 837 con·

146 870 219 929 silio
235 868 364 928 Senecae
378 868 435 943 ipsi
450 867 624 943 imputando
639 866 694 924 loci
708 866 904 926 mutationem
925 885 990 926 esse
1008 867 1128 942 factam,
1146 867 1322 926 verisimile
1352 888 1354 890 ·

144 960 209 1019 erit
228 958 370 1016 Senecam
388 957 487 1032 ipsum
506 955 635 1014 edidisse
654 956 807 1030 epistulae.

239 1047 439 1120 Redintegrat
457 1044 552 1121 igitur
567 1043 757 1103 Schultess
777 1045 982 1120 quaestionem
1000 1045 1037 1103 de
1056 1064 1122 1120 epp.
1133 1047 1174 1105 49
1192 1049 1222 1104 et
1238 1048 1287 1104 70.
1297 1039 1321 1125 ¹)

144 1138 241 1211 Quas,
268 1136 324 1195 etsi
344 1155 403 1211 qno
430 1153 507 1193 anno
534 1133 662 1208 scriptae
686 1134 759 1210 sint,
786 1152 800 1192 e
821 1134 974 1210 scriptoris
999 1134 1118 1193 silentio
1137 1134 1174 1192 de
1192 1140 1322 1194 tremore

144 1227 302 1302 Campano
315 1243 376 1283 non
390 1225 492 1299 potest
506 1222 714 1299 demonstrari,
727 1241 904 1298 persuasum
914 1222 1017 1295 habeo,
1029 1224 1107 1281 sicut
1119 1222 1322 1298 Schultess,

143 1335 210 1375 non
228 1316 284 1374 hoc
308 1314 411 1372 ordine
436 1331 501 1371 esse
525 1312 661 1387 scriptas.
698 1312 747 1370 An
765 1312 866 1371 credet
884 1311 1055 1387 quisquam,
1080 1310 1223 1370 Senecam
1242 1317 1323 1386 post·

143 1424 240 1480 quam
256 1423 300 1478 ep.
311 1405 352 1462 49
369 1401 529 1473 nuntiavit,
544 1400 702 1475 Pompeios
717 1419 749 1460 se
768 1401 885 1460 venisse
905 1419 1066 1479 eorumque
1081 1401 1223 1475 adspectu
1239 1420 1322 1460 revo-

145 1497 252 1553 catum
272 1511 338 1552 esse
357 1490 539 1550 desiderium
558 1489 654 1564 amici,
673 1489 733 1548 iam
752 1490 854 1564 paucis
873 1489 1051 1549 intermissis
1072 1489 1208 1564 epistulis
1228 1490 1320 1565 scrip·

143 1587 252 1642 turum
271 1580 380 1639 fuisse:
401 1570 488 1660 (701)
508 1580 595 1646 „Post
616 1580 731 1653 loapum
748 1580 934 1638 interuallum
948 1579 1099 1652 Pompeios
1116 1583 1179 1638 taos
1197 1580 1265 1638 11111.
1290 1582 1322 1638 ia

145 1675 328 1744 conspectum
352 1670 562 1728 adulescentiae
586 1686 666 1726 meae
691 1670 825 1727 reductus
850 1670 964 1727 sumf‘?
996 1667 1120 1743 Quoquo
1145 1686 1222 1727 anno
1249 1669 1322 1728 haec

145 1761 263 1836 scripta
282 1761 360 1835 sunt,
379 1756 522 1832 temporis
542 1757 614 1815 ordo
634 1760 681 1814 est
699 1760 866 1831 corruptus.

240 1848 352 1907 Deinde
377 1849 458 1904 recte
482 1846 623 1921 cognovit
641 1845 829 1905 Schultess
848 1864 914 1920 epp.
935 1847 1066 1905 68-70
1085 1846 1234 1905 artissime
1254 1865 1320 1906 sen·

147 1940 314 1998 tentiarum
333 1953 445 1994 conexu
465 1933 509 1993 ita
528 1935 696 2009 cohaerere,
716 1938 750 1993 ut
762 1938 935 1994 vetaremur
953 1935 989 1993 de
1009 1953 1068 1993 una
1087 1953 1220 1994 seorsum
1240 1954 1258 1994 a
1276 1955 1321 1994 re-

144 2028 241 2104 liquis
255 2024 435 2086 sententiam
451 2025 536 2083 ferre.
568 2023 662 2098 Atqui
682 2025 723 2083 70
743 2024 885 2099 scriptam
904 2042 969 2082 esse
987 2026 1075 2098 putat
1089 2025 1159 2082 ante
1175 2026 1225 2084 49.
1258 2024 1322 2084 Hoc

143 2118 243 2193 igitur
253 2115 355 2175 ordine
368 2131 492 2172 easesse
503 2113 694 2188 compositas:
710 2115 761 2172 48.
773 2115 823 2171 68.
835 2114 884 2172 69.
898 2115 948 2172 70.
959 2114 1009 2170 49.
1029 2112 1088 2171 Sed
1098 2112 1323 2172 Schultessii

144 2224 268 2283 quoque
286 2201 508 2279 argumentatio
532 2201 624 2260 habet
642 2201 694 2260 ubi
712 2201 866 2260 claudicet.
904 2201 983 2260 Nam
1002 2220 1067 2276 epp.
1083 2204 1125 2261 48
1146 2205 1177 2261 et
1196 2204 1236 2262 49
1258 2206 1321 2261 tam

145 2297 216 2353 arte
239 2292 400 2352 cohaerent
424 2291 608 2367 argumentis
632 2308 720 2365 quam
748 2292 888 2350 68-’10
910 2308 1007 2366 neque
1033 2294 1103 2350 sunt
1127 2290 1321 2351 divellendae.

143 2382 264 2442 Deinde
283 2382 422 2457 poterant
440 2398 506 2455 epp.
527 2381 657 2439 68-70
677 2380 767 2438 etiam
792 2379 881 2439 scribi
905 2380 994 2456 longo
1013 2380 1173 2440 intervallo
1192 2384 1260 2455 post
1279 2382 1321 2440 48

144 2476 179 2532 et
200 2474 252 2549 49,
271 2471 408 2530 sed-cum
429 2487 530 2526 omnes
549 2469 762 2545 colligerentur
780 2469 871 2527 certis
890 2468 926 2526 de
945 2469 1042 2527 causis
1062 2468 1185 2544 propius
1204 2469 1242 2527 ab
1261 2469 1321 2527 illis

120 2612 123 2617 .
143 2561 228 2637 poni.
256 2559 340 2629 Quod
359 2575 430 2618 vero
445 2556 525 2633 dicit,
545 2557 707 2615 verisimile
723 2575 796 2633 esse,
815 2576 882 2616 cum
901 2556 1061 2632 epistulam
1080 2550 1157 2638 48²)
1177 2558 1322 2617 scriberet

144 2650 273 2722 Seneca,
301 2645 486 2707 consuluisse
513 2645 654 2722 amicum,
682 2664 754 2704 num
781 2646 813 2704 in
840 2647 935 2705 otium
961 2647 1128 2706 recederet:
1159 2665 1229 2706 nam
1258 2666 1322 2706 rem

142 2757 289 2816 magnam
308 2737 359 2812 agi
378 2736 495 2794 elucere
515 2754 529 2794 e
549 2734 677 2793 Senecae
695 2736 810 2809 rethia,
834 2754 930 2811 neque
953 2736 991 2793 ad
1015 2735 1235 2811 philosophiam
1254 2755 1320 2811 per·

141 2831 303 2902 tinentem,
313 2825 383 2900 quia
398 2823 478 2882 dicat
492 2824 574 2882 aliud
591 2823 648 2882 sibi
663 2823 801 2898 expedire
816 2823 898 2882 aliud
908 2824 1036 2899 Lucilio3
1053 2824 1195 2883 Senecam
1210 2827 1321 2901 autem,

142 2919 308 2995 postquam
332 2914 382 2972 diu
406 2912 677 2988 circumspexisset,
702 2913 774 2989 quid
797 2913 945 2986 suaderet,
972 2931 1017 2987 ep.
1040 2915 1092 2991 68,
1119 2913 1322 2988 respondisse:

141 3005 297 3076 „Consilio
316 3008 365 3062 tuo
384 3004 500 3061 accedo:
528 3004 668 3061 absconde
687 3005 872 3072 11111111ο“,·
899 3002 1036 3078 argutius
1055 3006 1102 3061 est
1120 3003 1320 3079 excogitatum

122 3112 238 3172 quam
253 3092 363 3152 verius.
393 3088 495 3149 Otium
511 3090 590 3150 enim
608 3091 667 3149 iam
687 3091 801 3166 pridem
817 3092 1077 3151 commendaverat
1095 3091 1222 3167 scriptor
1240 3096 1320 3166 ep.7

147 3189 181 3244 et
202 3185 221 3242 8
241 3199 337 3256 neque
356 3179 407 3237 diu
426 3179 454 3238 ei
473 3183 538 3238 erat
556 3180 865 3255 circumspiciendum,
890 3180 920 3238 id
940 3183 1042 3239 utrum
1063 3181 1203 3238 suaderet
1221 3199 1321 3239 necne.

238 3269 335 3328 Simili
351 3287 451 3327 errore
466 3269 512 3326 his
528 3263 664 3343 epistulis
679 3288 729 3328 eas
745 3269 923 3328 adnumerat
937 3270 997 3343 ille,
1016 3289 1092 3345 quae
1108 3269 1193 3328 iuxta
1206 3269 1322 3345 positae

143 3361 328 3438 argumento
348 3377 466 3433 quoque
485 3358 657 3434 cohaerent,
682 3358 733 3416 sed
753 3359 796 3417 sic
815 3361 885 3417 sunt
904 3358 1101 3433 conscriptae,
1124 3360 1159 3416 ut
1176 3358 1208 3417 in
1226 3360 1323 3417 altera

144 3446 368 3526 respondeatur
386 3448 424 3505 ad
442 3445 550 3505 Lucilii
568 3446 740 3522 epistulam,
766 3466 825 3522 qua
848 3448 873 3506 is
897 3448 932 3506 de
956 3447 1129 3523 quaestione
1153 3447 1236 3522 prius
1255 3452 1322 3506 acta

144 3537 263 3614 aliquid
281 3538 447 3616 monuerat.
475 3536 552 3593 Nam
572 3535 711 3612 quoniam
731 3535 788 3595 sibi
803 3535 930 3611 sumpsit
948 3555 1050 3595 omnes
1069 3555 1156 3595 veras
1177 3555 1241 3595 esse
1261 3538 1321 3612 epi·

145 3629 246 3688 stulas
260 3625 355 3701 negat
368 3623 434 3682 fieri
447 3625 580 3700 potuisse
595 3627 706 3683 uttam
724 3625 828 3700 paucis
842 3626 927 3684 annis
941 3625 995 3683 XX
1013 3625 1083 3684 libri
1098 3626 1321 3699 conficerentur,

144 3718 173 3777 si
194 3733 315 3790 semper
334 3712 445 3772 Seneca
465 3714 699 3789 exspectavisset
717 3714 825 3772 Lucilii
844 3732 996 3789 responsa.
1030 3712 1202 3790 Cogebatur
1219 3714 1322 3791 igitur,

142 3827 184 3866 ne
205 3823 273 3865 cum
291 3801 455 3862 Martensio
474 3803 605 3878 quinque
628 3802 714 3861 annis
738 3802 921 3862 adscriberet
944 3803 1102 3879 epistulas,
1127 3803 1205 3878 quod
1223 3804 1321 3862 facere

143 3915 194 3971 ep.
212 3897 231 3953 8
250 3891 476 3970 prohibebatur,
495 3895 626 3951 statuere
642 3890 785 3951 Senecam
804 3892 883 3951 inter
901 3892 987 3951 binas
1002 3892 1147 3967 epistulas
1162 3893 1220 3953 isto
1234 3894 1321 3952 modo

143 4022 362 4033 ....----—--

221 4100 248 4168 1)
265 4116 293 4167 p.
309 4103 350 4151 39.
372 4101 415 4150 40.
444 4095 492 4150 cfr.
513 4113 596 4167 supra
614 4115 640 4166 p.
656 4102 716 4151 611.

219 4173 246 4234 2)
265 4174 328 4238 48,:
348 4168 395 4222 Ad
409 4168 565 4236 epietulam,
583 4186 665 4237 quam
679 4169 747 4223 1111111
761 4186 794 4223 ea
808 4170 905 4224 11111111
918 4170 1029 4237 misisti,
1047 4175 1104 4224 tam
1118 4171 1226 4238 loapom
1240 4188 1321 4240 quam

142 4246 243 4313 ipsum
264 4241 317 4295 1111
337 4240 404 4306 fuit,
423 4244 520 4307 postea
547 4241 700 4295 rescribam.
744 4243 867 4295 seducere
889 4258 929 4295 me
953 4242 1033 4296 debeo
1056 4243 1170 4310 etquid
1192 4244 1322 4296 suadeam

140 4313 361 4381 circumspicere.
386 4328 451 4364 aum
469 4317 500 4365 tu
519 4327 635 4380 quoque,
653 4313 702 4379 qui
719 4315 853 4381 consulis,
873 4314 923 4367 11111
942 4330 981 4367 aa
999 4315 1163 4379 consuleres,
1183 4314 1321 4382 1191111111.-

139 4389 251 4458 quaato
273 4383 361 4451 mapis
379 4383 428 4435 hoc
446 4383 514 4436 1111111
536 4382 693 4448 faciendam
716 4389 768 4450 est,
795 4401 856 4438 cum
879 4385 999 4453 loupiore
1022 4401 1098 4439 mora
1122 4400 1190 4452 opus
1212 4385 1263 4451 sit,
1291 4391 1322 4438 111

140 4458 236 4582 sadud&
258 4454 440 4579 qaaestionem
463 4470 545 4522 quum
569 4459 600 4508 111
620 4454 781 4523 proponas?
809 4456 902 4524 utique
924 4471 986 4509 cum
1008 4456 1087 4510 11111111
1111 4456 1163 4510 1111
1185 4456 1321 4524 expediat,

139 4529 185 4586 ali
243 4526 319 4580 11111.
1132 4565 1134 4569 -
