2934 4966
246 327 310 392 628
476 338 478 343 ’
667 327 804 394 Henricus
824 330 996 400 Hilgenfeld:

243 496 381 555 distinxit
405 495 551 573 reliquas,
575 497 716 572 cognovit
738 502 840 557 tamen
858 498 1008 559 diversam
1027 518 1092 559 esse
1110 500 1244 576 priorum
1264 504 1296 559 et
1313 504 1418 576 poste-

243 585 355 644 riorum
371 584 566 660 epistularum
580 589 728 645 naturam.
760 587 796 646 In
814 587 914 663 priore
934 589 1012 647 enim
1031 582 1118 665 parte
1137 591 1290 666 propriam
1303 591 1419 666 epistu-

243 674 341 732 larum
355 677 495 732 naturam
508 676 606 750 magis
617 695 706 752 quam
720 677 751 734 in
766 677 864 736 altera
878 695 943 736 esse
958 681 1108 738 servatam
1122 683 1213 754 atque
1228 698 1419 755 expressam:

242 763 273 820 in
287 763 452 838 posteriore
467 765 579 822 multas
590 764 628 822 ad
638 765 922 824 commentationum
932 767 1060 826 formam
1072 768 1275 844 ambitumque
1287 769 1418 846 extendi,

243 871 370 926 quarum
388 853 538 926 nonnulla,
567 855 650 912 velut
670 856 711 914 94
731 857 762 913 et
781 856 832 930 95,
852 855 1039 931 dialogorum
1060 858 1246 932 quorundam
1265 858 1419 933 magnitu-

243 942 341 1000 dinem
360 942 570 1017 adaequarent.
607 943 690 1001 Idem
714 943 862 1003 intellexit
886 944 945 1002 iam
970 964 1006 1003 ex
1029 946 1085 1004 hac
1103 946 1201 1021 specie
1221 949 1346 1005 externa
1365 947 1419 1005 ali-

243 1031 315 1105 quid
333 1049 419 1105 posse
435 1031 570 1091 concludi
583 1032 620 1090 de
635 1035 776 1108 tempore,
795 1051 862 1091 cum
878 1033 965 1092 dixit:
985 1033 1113 1109 „Illam
1132 1039 1254 1094 autem
1272 1039 1419 1110 partem

243 1119 372 1177 merito
402 1120 557 1195 priorem
589 1121 705 1180 lecum
737 1125 861 1181 tenere
890 1125 1049 1199 constat,
1077 1125 1243 1200 quoniam
1272 1124 1420 1200 quidem

243 1211 525 1268 consentaneum
550 1211 604 1268 est
630 1211 743 1286 primo
769 1211 805 1268 id
829 1210 945 1270 fuisse
973 1213 1116 1271 auctori
1142 1213 1348 1285 consilium,
1378 1218 1420 1272 ut

242 1297 360 1356 iustas
380 1297 564 1357 scriberet
583 1299 771 1374 epistulas,
803 1300 863 1358 c'fr.
884 1301 961 1379 301:-
981 1303 1059 1380 4513.
1079 1303 1169 1360 extr.
1188 1298 1285 1380 53:⁷9
1323 1303 1419 1361 Exor-

243 1387 325 1444 dium
344 1406 414 1446 vero
433 1387 514 1445 illius
537 1387 632 1462 partis
657 1391 807 1447 extremae
831 1389 961 1448 arbitror
980 1408 1044 1448 esse
1064 1409 1109 1465 ep.
1125 1392 1180 1465 89,
1205 1409 1264 1466 qua
1288 1392 1420 1466 scriptor

243 1478 367 1534 conatur
384 1476 490 1551 ingens
509 1476 717 1553 philosophiae
737 1496 843 1553 corpus
862 1477 892 1535 in
911 1482 1012 1553 partes
1033 1478 1174 1538 dividere.

333 1565 390 1623 Sed
405 1566 550 1640 epistulas
565 1585 682 1642 quoque
698 1568 827 1626 30-88
848 1566 926 1625 infra
941 1567 1150 1627 demonstrabo
1169 1568 1200 1627 in
1219 1568 1293 1625 duas
1312 1573 1419 1642 partes

242 1671 309 1713 esse
324 1655 505 1730 dividendas,
520 1673 646 1731 quarum
661 1655 756 1714 altera
772 1655 904 1714 continet
918 1676 984 1732 epp.
1000 1658 1142 1729 30-52,
1162 1658 1258 1716 altera
1273 1658 1419 1717 53-88.

333 1743 556 1802 Sententiarum
575 1763 687 1804 conexu
705 1744 895 1820 potissimum
913 1745 1001 1804 nitar.
1033 1745 1140 1820 Itaque
1154 1746 1329 1824 ¹ut'fecilius
1345 1747 1421 1822 quid

243 1836 353 1908 agatur
371 1833 507 1907 legentes
526 1833 715 1908 intellegant,
734 1833 921 1910 singularum
940 1835 1083 1910 cuiusque
1102 1834 1196 1910 partis
1216 1835 1421 1911 epistularum

244 1925 422 1996 argumente
441 1923 497 1981 sub
515 1941 608 1980 unum
626 1924 816 1998 conspectum
835 1942 952 1997 ponem.

525 2332 565 2402 Η.
602 2331 714 2402 Novae
738 2333 928 2402 sententiae
953 2333 1132 2421 expositio.

487 2573 492 2597 t
700 2513 750 2570 De
768 2526 910 2583 corpore
927 2514 955 2570 1.

582 2605 683 2678 (Libris
701 2607 803 2677 I—IIl‚
823 2608 952 2679 epistulis
974 2611 1078 2677 1-29.)

332 2723 397 2782 Iam
419 2722 451 2780 in
474 2723 570 2782 tribus
594 2723 679 2782 libris
703 2723 807 2798 primis
831 2724 1017 2799 cognoscetis
1042 2723 1142 2783 omnic
1166 2728 1228 2782 fere
1254 2724 1421 2783 seeundum

245 2812 461 2873 sententiarum
484 2831 627 2872 conexum
650 2816 730 2872 reete
755 2831 820 2872 esse
839 2813 985 2873 ordinata.
1024 2813 1105 2872 Haec
1124 2813 1202 2871 enim
1222 2831 1325 2872 eorum
1346 2819 1423 2874 sunt

244 2904 431 2978 argumenta.

304 2979 309 2984 ¹
332 2990 354 3049 Ι.
381 2993 413 3050 1:
433 2990 574 3066 Temperi
592 3010 690 3067 parce.
728 2994 761 3050 2:
786 2990 865 3052 Cave
887 3010 925 3049 ne
948 2990 1138 3065 distringaris
1158 2991 1315 3065 librorum,
1341 3012 1422 3067 quos

243 3081 332 3157 legia,
355 3079 548 3139 multitudine
567 3083 598 3138 et
616 3081 772 3140 varietate.
806 3082 839 3140 3:
861 3081 970 3138 Veram
988 3081 1051 3138 cole
1071 3079 1239 3139 amicitiam.
1278 3081 1310 3137 4:
1337 3079 1422 3150 Quo-

244 3188 370 3245 cumque
389 3171 524 3244 tempore
542 3174 670 3228 mortem
685 3171 830 3244 exspecta.
864 3169 897 3228 5:
916 3169 1000 3244 Fuge
1014 3187 1111 3227 mores
1125 3169 1284 3227 notabiles.
1317 3171 1353 3227 d:
1373 3169 1422 3230 Ut

244 3262 274 3318 te
289 3258 389 3333 ipsum
402 3258 498 3333 possis
513 3259 679 3332 emendare,
690 3276 834 3333 cognosce
845 3257 990 3320 vitiatus.
1017 3261 1048 3318 7:
1061 3257 1132 3316 Vita
1140 3256 1270 3316 turbam.
1294 3258 1328 3314 8:
1343 3257 1424 3318 Vita

243 3347 363 3406 turbam
391 3352 422 3420 et
444 3366 559 3422 quaere
587 3347 680 3406 otium
701 3365 767 3406 mec
790 3347 885 3421 ipsius
914 3348 1057 3422 exemplo.
1096 3348 1128 3405 9:
1153 3346 1325 3404 Amicitiam
1351 3349 1422 3407 cole

242 3440 366 3512 propter
384 3454 450 3494 eam
468 3435 573 3510 ipsam.
608 3438 662 3495 10:
682 3435 730 3495 sio
748 3436 825 3509 vive,
843 3438 878 3494 ut
895 3438 962 3494 tuto
975 3434 1032 3495 tibi
1046 3434 1141 3509 possis
1155 3435 1244 3494 credi.
1279 3436 1333 3493 11:
1354 3436 1423 3496 Na-

121 3568 126 3576 .
244 3524 438 3585 turaliavitia
451 3543 488 3583 ne
502 3525 655 3600 putaveris
669 3526 778 3600 turpia.
809 3527 863 3585 12:
879 3523 1022 3584 Senectus
1036 3525 1125 3600 plena
1139 3527 1185 3583 est
1199 3524 1423 3600 voluptatibus,

245 3615 270 3674 si
289 3615 342 3672 illa
361 3615 436 3673 scias
454 3615 508 3673 uti.
544 3613 651 3690 Itaque
669 3633 729 3673 non
747 3607 811 3672 tani
829 3614 962 3673 timenda
981 3616 1036 3688 est,
1054 3632 1143 3689 quam
1162 3612 1298 3672 amandu.

333 3701 440 3761 Omnia
458 3704 532 3762 haec
549 3707 708 3779 praecepta
727 3702 831 3762 eodem
849 3701 985 3776 tendunt,
1009 3704 1044 3761 ut
1062 3702 1247 3774 ostendatur,
1267 3704 1422 3777 quomodo

243 3794 275 3852 in
289 3793 465 3852 universum
478 3792 542 3851 vita
557 3791 584 3851 ei
598 3792 639 3851 sit
653 3792 825 3866 ordinanda,
845 3791 897 3868 qui
910 3791 948 3850 ad
967 3790 1145 3867 sapientiam
1160 3790 1234 3850 velit
1249 3791 1423 3870 pervenire,

143 3900 146 3906 ·
246 3881 298 3942 scd
316 3881 396 3940 inter
414 3899 446 3940 se
464 3899 571 3956 parum
590 3883 661 3940 sunt
679 3899 797 3941 conexa.

333 3969 372 4029 Π.
398 3971 451 4030 13:
471 3969 540 4029 Noli
559 3970 661 4029 futura
675 3969 789 4029 timere.
820 3970 873 4028 14:
894 3968 1006 4027 Tamen
1025 3967 1087 4027 vita
1105 3968 1246 4043 pericula.
1278 3968 1333 4026 15:
1354 3968 1424 4028 Pri-

245 4080 327 4119 mum
346 4057 450 4134 enimi,
474 4062 538 4118 tum
562 4059 695 4134 corporis
716 4077 788 4118 cure
805 4057 1016 4118 valetudinem.
1055 4055 1194 4132 Corporis
1213 4055 1423 4117 valetudinem

246 4167 332 4208 serua
350 4147 472 4207 modieis
497 4146 766 4207 exercitationibus.
801 4139 859 4206 '162
888 4146 1029 4205 Animum
1053 4144 1242 4221 philosophia
1266 4146 1367 4203 excole
1388 4152 1421 4209 et

245 4237 388 4298 confirma
401 4236 544 4296 adversus
558 4237 639 4298 vitae
654 4236 752 4296 varios
767 4254 863 4296 casus.
896 4237 951 4295 17:
971 4235 1019 4294 Ab
1034 4235 1088 4294 ille
1102 4234 1192 4292 animi
1208 4252 1279 4293 eura
1292 4251 1330 4294 ne
1345 4236 1421 4311 quid

245 4345 299 4387 nos
318 4326 456 4402 abducet,
474 4325 598 4400 reliqua,
619 4343 695 4401 quae
713 4327 859 4401 putantur
877 4324 965 4399 bona,
982 4324 1066 4384 velut
1088 4341 1137 4382 res
1156 4321 1320 4397 familiaris,
1348 4330 1424 4384 sunt

245 4415 440 4492 peglegenda.
476 4417 530 4474 18:
550 4412 643 4486 Quam
660 4415 750 4473 etiam
766 4413 867 4472 amitti
881 4432 918 4472 ne
932 4413 1039 4470 durum
1056 4411 1200 4483 videatur,
1217 4411 1423 4472 voluntariam

246 4506 454 4580 naupertatem
477 4522 588 4563 exerce.
628 4506 681 4564 19:
705 4503 833 4562 Maxime
858 4521 930 4563 vero
953 4501 1134 4578 impedimur
1159 4499 1423 4578 occupationibue3
