2934 4966
148 331 213 396 608
571 331 707 387 Henricus
726 295 902 404 Hilgenldld:

150 502 342 579 reprehendit
353 501 550 562 delicatorum
561 502 715 564 hominum
724 501 880 562 fastidium
891 503 1064 563 animalium
1075 505 1209 582 singulas
1219 508 1327 582 partes

148 592 332 669 eligentium.

237 680 345 740 Altera
362 681 512 757 reperitur
531 683 601 759 842:
619 683 733 749 „altera
746 699 793 740 res
807 684 994 750 contristabit,
1013 685 1090 743 circs
1104 685 1253 744 exhauriet
1272 679 1326 763 (ate

147 773 212 830 stilo
230 770 306 844 dico)
328 790 352 844 q.
369 774 413 830 s.“
441 770 474 828 Si
492 773 539 829 tot
557 770 634 830 aliae
652 771 880 830 interclusiones
894 769 1046 846 putandae
1062 776 1134 831 sunt
1151 774 1248 849 prime
1267 774 1324 832 im-

147 863 221 936 petu
241 859 385 936 scriptae,
403 860 480 918 hanc
499 879 616 936 quoque
638 860 782 933 feremus,
812 863 866 919 aut
888 879 990 920 omnes
1009 861 1158 922 eiciemus.
1195 863 1237 923 At
1263 863 1325 922 leci

148 949 262 1008 similes
282 949 458 1009 seinvicem
478 949 650 1008 defendunt.

236 1038 344 1097 Totam
362 1039 586 1114 paragraphum
607 1040 688 1117 ibn:
716 1038 797 1107 „Sed
819 1039 968 1098 molestam
991 1044 1032 1099 cst
1049 1087 1055 1099 .
1072 1087 1077 1098 .
1093 1083 1101 1098 .
1119 1043 1195 1114 qnod
1219 1060 1325 1116 capam

147 1130 290 1188 desieris“
317 1128 377 1186 iam
404 1119 560 1207 Haase¹)
587 1127 727 1205 cognorit
751 1128 1004 1202 transponendum
1032 1147 1098 1189 esse
1123 1133 1192 1205 pest
1218 1128 1247 1206 ξ.
1269 1133 1324 1190 21.

146 1214 303 1276 Bartsch
313 1207 339 1296 2)
360 1217 491 1276 ostendit
509 1235 570 1276 una
587 1235 655 1275 cum
674 1236 709 1275 aa
723 1215 945 1293 transponenda
959 1236 1024 1276 esse
1039 1219 1132 1278 verba
1145 1238 1220 1294 quae
1236 1222 1323 1278 ante-

147 1306 257 1366 cedunt
274 1307 368 1374 „illari
386 1311 546 1365 antem-ost
560 1353 566 1365 .
582 1352 610 1365 ..
630 1310 770 1378 quantam
792 1323 902 1365 neccsse
927 1310 993 1366 cst‘.
1029 1306 1108 1365 Nam
1131 1308 1179 1367 his
1203 1328 1323 1384 quoque

147 1396 364 1455 sententiarum
388 1413 515 1455 conexus
540 1395 779 1470 interrumpitur.
815 1395 882 1454 Non
906 1395 937 1454 id
956 1395 1213 1456 demonstraverat
1231 1401 1323 1457 antea

148 1483 260 1543 Seneca
274 1485 407 1542 animum
421 1502 509 1560 pesse
519 1503 627 1545 vacare
642 1483 674 1542 in
687 1484 807 1558 morbis,
823 1483 875 1543 sed
889 1485 986 1543 morbi
1000 1484 1061 1545 vim
1075 1490 1209 1561 tempere
1224 1487 1321 1548 leniri.

147 1573 248 1632 Animi
263 1574 351 1632 laetis
366 1573 599 1650 cogitationibus
614 1573 693 1633 vinci
707 1591 796 1649 posse
810 1572 927 1633 dolores
942 1573 1074 1633 ostendit
1092 1573 1120 1651 ξ.
1137 1578 1187 1635 21.
1215 1576 1323 1651 Itaque

147 1663 246 1722 omnia
273 1663 326 1720 illa
354 1681 414 1721 non
442 1661 578 1723 secundis
602 1662 681 1722 curis
706 1665 777 1723 sunt
800 1662 929 1739 adiecta,
958 1663 1009 1722 sed
1032 1663 1224 1724 librariorum
1246 1666 1322 1726 vitio

146 1753 226 1811 male
244 1752 351 1827 posita.

237 1843 320 1920 7814:
340 1839 486 1914 („Dcindc
505 1843 580 1914 qnod
599 1843 734 1900 acerbam
751 1843 817 1914 fait,
835 1843 967 1901 retulisse
984 1844 1143 1902 iucundam
1162 1848 1216 1902 ast:
1234 1848 1322 1903 nata-

145 1933 208 1991 ratc
227 1935 268 1990 cst
284 1932 357 1991 mali
374 1933 422 1990 sai
438 1932 500 2002 rinc
515 1930 683 2005 pomoef‘)
720 1929 790 1989 Non
809 1930 912 1989 deesse
931 1949 1020 2005 posse
1038 1932 1115 1990 hanc
1139 1933 1323 1991 sententiam

144 2011 336 2100 Bartscb³)
352 2019 492 2080 ostendit.
519 2018 606 2078 Addo
621 2019 724 2078 eadam
735 2019 772 2078 de
783 2037 874 2077 causa
886 2038 1006 2079 necesse
1021 2039 1087 2079 esee
1102 2039 1167 2079 eam
1182 2022 1246 2080 leco
1260 2025 1323 2080 tra-

145 2109 207 2168 dite
222 2109 347 2168 retineri
361 2113 451 2184 atque
468 2100 556 2189 134⁴)
576 2111 700 2184 propter
720 2125 846 2186 sequens
861 2109 1039 2168 vocabulum
1054 2114 1168 2182 „crpo“.
1200 2110 1322 2169 Dictum

145 2198 224 2256 enim
240 2201 306 2256 erat
320 2199 452 2258 dolorem
467 2217 629 2275 numquam
643 2201 705 2258 tam
720 2216 785 2257 esse
799 2217 932 2274 gravem,
946 2217 1036 2274 quam
1051 2198 1182 2258 creditur
1197 2198 1237 2273 (ξ.
1255 2191 1321 2280 13).

146 2287 365 2347 Stultissimum
378 2306 449 2348 vero
465 2305 530 2346 esse
543 2288 723 2363 praeteritos
738 2287 855 2347 doleres
870 2290 1043 2346 retractare.
1075 2287 1222 2347 Naturale
1241 2289 1321 2347 enim

145 2395 211 2436 esse
225 2377 297 2435 mali
311 2377 357 2436 sui
372 2376 430 2434 fine
444 2376 575 2452 gaudere
594 2367 639 2456 (ξ.
655 2367 720 2456 14).
748 2376 863 2449 „Erae
877 2377 934 2435 dno
947 2380 1015 2436 sant
1028 2378 1273 2436 circumcidenda:
1292 2383 1322 2437 et

144 2468 239 2539 fetari
257 2468 380 2526 timor“:
397 2484 468 2525 nam
482 2464 562 2542 qued
580 2465 706 2524 timetur
725 2465 865 2540 exiguum
880 2467 938 2542 est3
956 2469 1012 2534 „ct
1028 2469 1131 2525 octaris
1149 2468 1322 2526 incommodi

144 2558 321 2615 memoria“.·
345 2574 416 2616 nam
434 2557 504 2629 qnid
521 2558 603 2615 ineat
620 2557 759 2614 miseram
778 2572 838 2614 essc
855 2557 925 2628 qnia
943 2556 1056 2627 sacris?
1084 2553 1142 2614 Sed
1161 2554 1231 2631 quid
1251 2555 1321 2615 inde

145 2645 298 2704 lucramur
320 2644 352 2702 in
370 2644 445 2720 ipsis
464 2642 638 2703 doloribus?
671 2643 765 2703 Addit
784 2642 908 2702 Seneca:
935 2644 1000 2710 „In
1018 2645 1091 2716 ipsis
1104 2647 1218 2717 positas
1241 2646 1323 2718 diffi-

144 2735 299 2793 cabtatibns
317 2735 410 2793 dicat:
428 2735 532 2807 forsan
551 2737 576 2792 ct
593 2733 663 2791 baec
680 2733 750 2791 oiim
766 2734 928 2791 meminisse
947 2733 1077 2792 innabit‘
1094 2733 1152 2809 (=
1162 2751 1232 2792 nam
1246 2735 1323 2805 qaod

144 2824 279 2882 acerbam
301 2824 372 2897 fnit,
400 2824 531 2882 retatissc
554 2822 712 2882 incendam
736 2821 798 2895 cst).
839 2821 948 2880 Miram
970 2840 1040 2882 vero
1066 2822 1149 2880 illam
1168 2825 1321 2882 construc-

143 2912 255 2970 tionem
273 2911 417 2970 infinitivi
440 2910 565 2987 perfecti
589 2910 716 2970 removit
740 2910 894 2968 Bartsch
914 2910 1060 2969 scribens:
1088 2912 1163 2984 qaod
1186 2913 1322 2970 acerbam

142 3003 201 3076 fnit
218 3001 377 3067 FERRE,
397 3002 497 3060 tntisse
514 3000 675 3060 incendam
694 3004 742 3058 est.

235 3089 294 3149 Sed
317 3089 398 3149 idem
419 3107 480 3148 non
504 3090 623 3148 tantum
646 3088 723 3148 hanc
748 3106 839 3146 unam
865 3088 1044 3147 sententiam
1067 3088 1098 3146 in
1123 3087 1321 3163 suspicionem

143 3179 272 3257 vocavit,
292 3179 344 3238 sed
363 3181 458 3238 totam
477 3178 710 3254 paragraphum.
742 3171 980 3253 (‚‚Dctrabendas
994 3223 1000 3236 .
1016 3221 1024 3236 .
1039 3225 1045 3237 .
1060 3177 1212 3250 innabit.“)
1240 3177 1322 3236 Dicit

143 3287 179 3328 ea
201 3287 265 3327 ram
288 3268 377 3343 longe
406 3268 496 3326 aliam
518 3267 644 3326 tractari
667 3269 757 3342 atque
784 3267 815 3324 in
841 3265 974 3325 eiusdem
999 3266 1095 3341 partis
1121 3267 1320 3342 paragraphis

144 3357 279 3434 reliquis.
305 3356 370 3416 Illis
386 3357 594 3432 demonstrari,
613 3354 747 3415 dolorem
766 3358 956 3431 praesentem
975 3356 1062 3414 facile
1080 3374 1169 3431 posse
1183 3354 1320 3414 tolerari:

94 3496 98 3501 .
142 3448 198 3506 hae
217 3447 268 3525 agi
286 3448 323 3506 de
341 3445 574 3521 praeteritorum
593 3445 741 3505 malorum
760 3443 912 3504 memoria.
948 3442 991 3503 At
1008 3463 1107 3504 nonne
1126 3443 1231 3503 eodem
1249 3463 1321 3519 per-

142 3536 231 3613 tinet,
255 3535 334 3612 quod
354 3535 466 3595 Seneca
489 3554 526 3594 ex
549 3535 605 3609 eis,
630 3552 705 3610 quae
724 3531 752 3608 ξ.
775 3534 816 3593 14
836 3536 1027 3609 exposuerat,
1051 3531 1081 3609 ξ.
1098 3535 1137 3592 15
1159 3533 1321 3592 conclusit:

141 3628 192 3693 „in
214 3627 287 3699 ipsis
307 3628 423 3700 positia
446 3624 668 3697 difficultatibus
691 3624 783 3683 dicat:
809 3624 914 3695 forsan
936 3628 963 3682 ot
984 3624 1053 3682 baec
1071 3624 1139 3681 oiim
1157 3624 1321 3681 meminisse

143 3714 306 3775 innabit.“?
337 3714 420 3784 Quae
438 3712 531 3773 verba
549 3731 616 3771 eum
634 3711 767 3789 proxime
784 3712 1028 3771 antecedentibus
1047 3710 1196 3770 artissime
1215 3711 1320 3770 cohae-

142 3805 219 3863 rent.
257 3803 335 3880 „Sed
354 3803 391 3862 de
410 3801 506 3862 futuri
525 3801 643 3877 timere,
662 3801 712 3876 qui
733 3801 833 3861 subito
852 3800 1003 3860 inducitur
1022 3798 1050 3876 ᾗ.
1068 3802 1117 3877 14,
1136 3799 1211 3858 nihil
1231 3802 1322 3859 antea

142 3896 189 3952 est
208 3887 349 3952 dictum.“
378 3892 421 3951 At
440 3910 507 3950 cum
526 3890 696 3950 ostenditur
713 3890 911 3966 paragraphis
930 3889 1183 3966 antecedentibus,
1203 3908 1321 3948 omnem

142 3982 275 4040 dolerem
295 3999 360 4041 esse
380 3981 487 4057 levem,
507 3981 649 4056 quorsum
670 3979 701 4038 id
720 3982 835 4055 spectat
853 3978 912 4037 nisi
931 3981 965 4037 ut
984 3979 1074 4038 etiam
1093 3978 1190 4036 futuri
1209 3978 1321 4037 doloris

142 4070 232 4131 timer
251 4069 410 4130 dematur?
431 4068 508 4146 „Sed
527 4070 605 4128 male
624 4068 781 4128 coniuncta
801 4070 871 4128 sunt
890 4069 922 4127 et
940 4086 1008 4127 cum
1026 4066 1270 4127 antecedentibus
1290 4071 1322 4126 et

142 4177 210 4218 cum
229 4155 450 4235 sequentibus.“
473 4158 555 4217 Illud
574 4159 716 4218 concedo:
736 4158 792 4218 hoc
811 4177 871 4218 non
887 4157 969 4218 item.
998 4157 1122 4216 Falsum
1140 4157 1219 4215 enim
1238 4159 1321 4233 pute,

141 4249 220 4324 quod
231 4248 390 4307 Bartsch
406 4248 488 4321 dicit,
498 4266 601 4309 vocem
615 4248 737 4314 „ibinm‘
751 4247 782 4305 in
796 4246 951 4306 enuntiato
966 4246 1116 4323 sequenti:
1130 4249 1205 4313 „toto
1220 4249 1321 4304 contra

141 4338 245 4396 iilam
259 4342 371 4412 pnpnct
389 4340 504 4397 animo:
521 4339 660 4405 oincctnr,
679 4339 706 4396 si
724 4339 846 4404 cesserit,
865 4338 965 4404 oincot,
983 4338 1010 4395 si
1027 4353 1058 4395 se
1076 4339 1177 4394 contra
1195 4335 1322 4393 dotorem

149 4509 150 4513 ’
214 4524 239 4593 1)
258 4541 285 4593 p.
300 4523 333 4578 V.
407 4525 435 4594 a)
455 4543 483 4593 p.
499 4528 541 4579 11.
563 4530 603 4578 ra.
677 4526 811 4594 a)p.1e.
882 4526 911 4593 4)
931 4521 985 4579 cfr.
1005 4538 1090 4593 supra
1107 4540 1134 4591 p.
1151 4527 1264 4576 eoa-e.
