2934 4966
143 336 208 400 612
564 337 700 392 Henricus
718 336 894 408 Hilgenfeld:

144 506 206 563 alie
219 505 334 577 frustra
347 506 419 563 seil“
434 521 501 563 cum
515 505 648 580 proxime
662 505 906 566 antecedentibus
922 525 987 566 esse
1003 507 1218 584 coniungenda.
1243 507 1325 566 Sunt

142 593 237 669 igitur
256 594 323 668 ipsa
341 612 458 669 quoque
478 593 608 654 Senecae
627 595 833 675 abiudicanda.
843 589 867 674 ¹)

233 685 311 761 953⁶·
330 683 439 750 „Unde
456 685 514 742 iste
533 688 593 744 tum
610 687 734 759 rupociu
751 687 868 745 uirtutis
885 688 1003 760 1666616
1015 687 1060 745 661
1074 704 1108 746 eu
1121 704 1152 745 se
1169 687 1323 760 fertiliu?“

142 771 229 830 Hunc
246 772 347 831 locum
364 772 519 831 lenissima
537 775 743 834 emendatione
766 775 827 832 iam
846 775 1003 834 Bartsch
1014 767 1041 856 ²)
1065 776 1184 836 sanavit
1210 775 1322 834 iubens

142 881 197 937 pro
222 861 344 920 UNDE
361 861 452 921 scribi
469 862 589 922 INDE.
623 864 675 923 cfr.
694 861 790 939 516.

231 949 334 1009 Verba
354 952 443 1029 104„
463 950 654 1012 librariorum
673 952 749 1012 vitio
768 955 910 1028 corrupta
934 955 1019 1028 sunt,
1043 972 1102 1012 non
1126 952 1235 1012 additis
1256 953 1322 1028 qui-

143 1039 271 1098 busdam
291 1058 309 1097 a
328 1039 447 1099 Seneca.
485 1033 678 1121 Bartsch3)
703 1060 739 1100 ea
756 1041 817 1100 iam
836 1042 953 1101 studuit
972 1042 1139 1102 emendare.
1176 1042 1321 1101 Fortasse

146 1129 280 1188 codicum
294 1128 423 1206 vestigia
441 1130 536 1204 paulo
549 1131 646 1207 magis
665 1149 756 1206 quarn
775 1131 826 1189 ille
844 1133 1013 1205 prementes
1032 1131 1105 1190 item
1125 1150 1230 1190 sanum
1246 1131 1323 1190 acci-

77 1282 80 1287 ,
143 1217 259 1292 piemus
274 1235 403 1295 sensum,
418 1219 444 1277 si
460 1219 681 1294 scripserimus:
700 1219 754 1287 „Si
768 1224 863 1278 tamem
878 1221 1037 1294 exemplam
1052 1222 1229 1287 desideretis
1245 1222 1322 1279 ucci-

138 1310 201 1380 pite
214 1307 360 1373 Socratem,
374 1311 584 1381 perpessicium
597 1327 701 1376 scriem,
716 1326 772 1382 per
786 1311 884 1369 mrmiu
898 1327 1004 1384 aspere
1017 1311 1166 1378 iactatum,
1180 1311 1322 1368 invictum

144 1401 241 1455 lomere
260 1401 287 1455 et
299 1401 482 1470 paupertate,
502 1416 589 1470 quom
601 1400 766 1472 premerem
779 1400 824 1458 illi
842 1400 1000 1458 dmuesticu
1013 1417 1103 1458 emere
1120 1400 1275 1472 faciebamt,
1296 1403 1324 1456 et

144 1486 304 1552 laboribus,
329 1504 398 1558 quos
420 1488 561 1546 militares
585 1505 694 1560 quoque
713 1489 842 1561 pertulit.
880 1488 989 1562 Quibus
1007 1489 1055 1547 ille
1073 1489 1151 1546 demi
1170 1490 1321 1554 exereitus,

143 1578 334 1634 6166666666
349 1577 409 1634 cius
428 1569 654 1655 (macrus)
673 1578 802 1636 moribus
819 1578 923 1650 ferum,
944 1578 1239 1651 11666666161661666,
1259 1579 1322 1635 siue

216 1747 243 1816 1)
260 1743 362 1798 Nescio
391 1761 426 1798 an
454 1745 578 1799 eiusdem
605 1746 716 1815 generis
741 1747 778 1800 611
801 1751 860 1818 78„
888 1747 1072 1815 „Tolerabilis
1096 1752 1134 1800 est
1156 1747 1244 1801 morbi
1264 1763 1320 1815 pe-

145 1818 253 1883 timtiu,
271 1817 500 1884 sicomempseris
513 1818 555 1884 id,
572 1819 645 1886 quod
659 1824 806 1872 extremum
819 1821 970 1872 mimetmr“.
1008 1817 1063 1871 Ubi
1081 1835 1155 1871 nunc
1173 1818 1220 1871 bic
1238 1818 1320 1871 locus

145 1890 250 1954 exstat,
274 1887 454 1955 interrumpit
477 1889 678 1942 sententiarum
706 1906 853 1956 conexum,
876 1906 967 1956 neque
992 1887 1144 1957 quidquam
1167 1889 1259 1942 simile
1278 1889 1320 1941 ibi

74 1998 81 2007 .
145 1963 206 2013 erat
220 1958 389 2014 addendum.
418 1957 493 2028 Ergo
507 1975 561 2013 non
577 1959 706 2013 secundis
721 1959 794 2013 curis
809 1965 851 2014 est
865 1960 984 2028 scriptus
999 1976 1016 2012 a
1031 1959 1143 2013 Seneca.
1172 1959 1319 2013 Bartsch

146 2033 183 2100 (p.
202 2032 245 2099 12)
265 2031 329 2083 ante
348 2035 371 2094 5.
388 2035 403 2083 6
423 2046 486 2083 eum
505 2030 598 2099 ponit,
623 2032 691 2099 quie
713 2029 754 2084 ibi
779 2031 946 2100 explicatur,
969 2031 1042 2084 nibil
1066 2031 1125 2085 fore
1147 2029 1229 2085 triste
1253 2048 1318 2083 cum

145 2102 243 2156 mortis
261 2105 368 2155 metum
387 2100 574 2170 effugerimus.
611 2101 674 2171 Ipse
689 2105 784 2156 tamen
798 2103 935 2171 concedit,
954 2103 1084 2156 lacunam
1101 2105 1167 2155 ante
1186 2108 1210 2167 5.
1226 2108 1241 2155 6
1261 2119 1319 2156 non

145 2172 244 2227 sentiri
269 2190 286 2224 a
309 2171 476 2240 legentibus.
514 2172 611 2240 Itaque
635 2173 705 2227 mibi
728 2172 843 2242 quidem
868 2173 920 2228 illa
942 2189 1053 2244 quoque
1076 2173 1163 2227 verba
1185 2172 1320 2227 videntur

145 2243 240 2298 deberi
259 2241 422 2312 excerptori.
461 2243 522 2308 Qua
540 2243 574 2298 de
593 2260 623 2298 re
642 2262 675 2299 eo
695 2244 786 2298 minus
805 2245 916 2312 dubito,
941 2246 1007 2314 quia
1025 2243 1094 2298 alibi
1113 2245 1203 2312 magis
1223 2244 1319 2297 elucet

144 2315 219 2370 idem
244 2313 392 2380 accidisse,
415 2315 494 2368 66161
516 2330 558 2384 ep.
580 2321 648 2386 ⁶⁶³2·
695 2315 827 2383 Legimus
860 2315 889 2368 in
913 2316 1056 2369 codicibus
1080 2315 1189 2382 „Retio
1212 2316 1320 2370 rationi

143 2404 200 2456 pur
214 2387 336 2442 catalect
354 2391 454 2440 rectum
472 2391 558 2440 recto.-
576 2402 639 2456 erpo
656 2391 681 2441 61
699 2388 787 2440 uirtus
804 2403 861 2440 666
879 2387 958 2441 uliud
976 2392 1150 2455 6666666616
1168 2388 1242 2440 ratio
1261 2390 1320 2440 est“

145 2459 191 2514 661
210 2460 250 2527 (p)
274 2473 355 2526 „erpo
378 2462 402 2511 el
424 2458 513 2512 uirtus
535 2459 656 2513 rationes
678 2462 769 2513 sumet
806 2458 883 2511 Haec
908 2457 975 2525 quid
998 2457 1052 2511 sibi
1075 2457 1178 2525 velint,
1202 2457 1318 2511 difficile

124 2542 127 2547 ·
146 2530 190 2584 est
206 2528 361 2584 intellectu.
399 2527 453 2582 Sed
472 2526 563 2583 simile
582 2528 650 2597 quid
669 2529 773 2584 eisdem
793 2529 851 2583 lere
864 2530 957 2584 verbis
972 2528 1074 2583 dicitur
1088 2545 1105 2580 6
1120 2527 1227 2582 Seneca
1244 2528 1318 2596 ipso,

146 2600 195 2655 sed
215 2599 255 2655 eis
280 2616 352 2668 quae
374 2598 486 2652 facilius
509 2599 724 2668 intelleguntur:
751 2601 869 2667 „Omnes
892 2602 1004 2655 uirtutes
1027 2601 1147 2653 66116666
1170 2605 1249 2652 suut:
1272 2617 1319 2654 ru-

145 2674 232 2727 116666
248 2676 314 2725 sumt
332 2675 432 2724 reciae.-
459 2672 593 2725 simelae
615 2677 680 2725 sumt
702 2677 727 2724 61
747 2687 832 2739 pares
854 2676 947 2725 sumt.“
984 2669 1137 2738 aptissime
1161 2671 1232 2724 haec
1254 2688 1319 2724 cum

146 2741 376 2798 antecedentibus
393 2743 459 2795 ante
473 2742 560 2795 verba
575 2741 625 2796 illa
643 2744 774 2810 suspecta
792 2741 1006 2811 coniunguntur,
1026 2742 1127 2810 quibus
1147 2742 1320 2808 ostenderat,

146 2816 286 2869 rationem
305 2830 364 2868 esse
383 2811 596 2868 immutabilem.
635 2810 739 2866 Censeo
759 2811 846 2882 igitur
864 2813 922 2880 illa,
947 2829 1020 2883 quae
1039 2829 1173 2867 conexum
1192 2813 1318 2879 turbant,

147 2888 180 2940 ut
199 2883 369 2955 excerptoris
388 2887 547 2938 commenta
566 2901 626 2938 esse
645 2900 660 2938 e
679 2882 772 2939 medio
792 2883 924 2939 tollenda.

219 2957 290 3011 Item
310 2962 385 3027 7610:
404 2954 499 3024 „Quid
516 2957 548 3010 im
565 2957 672 3010 lumime
686 2955 852 3026 proprium?
877 2956 959 3009 rotie.
978 2955 1044 3009 laec
1060 2960 1135 3008 rectu
1153 2961 1178 3008 ct
1196 2971 1318 3009 comum-

146 3034 221 3083 muta
247 3028 404 3095 felicitatem
430 3028 548 3082 bominis
576 3028 725 3097 impleuit.“
761 3025 811 3080 His
837 3025 945 3079 turbari
968 3043 1060 3079 rerum
1084 3025 1209 3079 ordinem
1233 3027 1318 3080 166116

146 3101 301 3168 cognoscis.
337 3097 457 3152 Accedit
475 3098 549 3166 quod
568 3097 642 3152 idem
663 3097 766 3152 dicitur
784 3100 869 3166 atque
888 3104 910 3163 5.
927 3104 957 3151 9:
984 3099 1044 3164 „Im
1062 3099 1168 3151 bomimc
1186 3099 1320 3166 optimum

146 3174 214 3241 quid
232 3170 292 3225 est?
310 3172 390 3225 ratio.
410 3170 462 3224 bac
479 3172 613 3225 antecedit
631 3170 777 3237 animalia,
796 3171 858 3224 deos
875 3171 1024 3239 sequitur.“
1061 3169 1176 3236 Exque
1196 3167 1318 3223 efficitur

147 3243 198 3297 illa
217 3260 276 3296 esse
294 3260 307 3295 s
328 3241 396 3296 uria.

219 3313 270 3383 Ep.
285 3261 344 3382 82p,:
364 3313 549 3382 Interrogatio
561 3313 648 3382 „quid
662 3312 744 3383 erpo?
762 3314 823 3368 uiro
837 3328 893 3367 666
906 3313 947 3368 661
960 3312 1123 3381 obrigescere
1136 3312 1225 3365 satius
1239 3309 1320 3365 est?“

147 3385 225 3440 nullo
253 3386 336 3439 modo
361 3383 429 3437 ferri
452 3385 546 3453 potest
571 3384 600 3437 in
625 3385 718 3438 media
742 3384 951 3438 enumeratione
976 3384 1041 3436 6616
1065 3383 1206 3448 ,6161661611
1244 3380 1319 3445 Quid

148 3456 223 3526 quod
243 3456 314 3510 nibil
334 3456 410 3509 aliud
430 3455 556 3510 continet
577 3454 634 3509 nisi
652 3455 727 3523 quod
751 3454 894 3525 scriptoris
916 3453 1005 3523 ipsius
1026 3454 1110 3508 verba
1129 3458 1153 3518 5.
1168 3458 1198 3506 3:
1224 3454 1320 3522 „Quid
1361 3467 1365 3475 ·

148 3528 232 3597 erpo?
255 3529 357 3598 166616,
370 3544 436 3638 2666
453 3529 542 3582 satius
560 3528 656 3582 661661
674 3529 714 3581 sic
731 3528 820 3582 iecere
838 3543 920 3596 quum
937 3527 970 3580 im
987 3527 1048 3580 istic
1066 3525 1218 3592 officiorum
1237 3526 1318 3578 uerti·

148 3601 225 3656 cibus
243 3600 403 3654 66161661.“

221 3671 272 3740 Ep.
291 3677 352 3741 91,:
370 3669 702 3739 ,066666666666116666
720 3669 850 3723 adversus
867 3669 985 3735 fortuitu
999 3668 1167 3737 6166166661
1181 3667 1320 3735 inciderit,

148 3744 268 3799 66166666
285 3759 342 3796 mem
360 3758 413 3796 esse
430 3747 487 3796 iem
505 3757 550 3794 mc
570 3758 644 3808 uum,
668 3757 749 3809 quum
767 3756 875 3794 rumore
892 3741 1035 3803 iueteurf‘
1071 3738 1147 3792 Haec
1166 3739 1238 3792 male
1258 3755 1320 3792 csse

149 3813 243 3884 posita
262 3813 428 3882 quicumque
443 3813 534 3866 totum
549 3757 651 3881 legerit
664 3813 826 3866 contextum
841 3811 1000 3880 cognoscet,
1019 3826 1109 3878 neque
1124 3810 1210 3863 ullum
1226 3809 1320 3862 locum

50 3931 53 3934 .
149 3885 252 3954 inveni,
271 3885 320 3939 ubi
338 3883 442 3938 rectius
461 3889 641 3953 ponerentur,
660 3881 715 3936 nisi
728 3883 757 3936 in
771 3883 836 3951 fine,
855 3899 917 3935 cum
938 3879 1053 3935 alterius
1072 3879 1211 3950 epistulae
1229 3881 1320 3949 partis

150 3958 325 4012 continerent
342 3973 493 4023 summam,
521 3954 686 4024 praesertim
710 3958 750 4019 55.
772 3958 884 4008 19-21.
921 3951 976 4006 Sed
1001 3953 1103 4007 rectius
1132 3952 1246 4006 omnino
1273 3970 1319 4006 ex·

149 4030 307 4083 cluduntur.

220 4099 349 4168 Denique
367 4103 413 4168 96,
438 4096 566 4166 „Deinde
585 4097 691 4151 etiamsi
707 4101 777 4151 recte
794 4096 912 4162 fuciunt,
931 4096 1055 4151 66661661
1072 4095 1162 4161 fucere
1178 4111 1206 4148 se
1223 4098 1321 4148 recle.“

149 4171 198 4240 Ea,
218 4187 290 4240 quae
305 4172 466 4238 sequuntur,
485 4184 540 4222 non
559 4167 596 4221 ad
613 4166 664 4221 illa
683 4167 819 4235 spectant,
840 4183 912 4235 quae
930 4183 1015 4236 supra
1029 4167 1200 4233 transcripsi,
1220 4166 1268 4219 sed
1283 4167 1320 4219 ad

150 4259 275 4309 eaquae
294 4241 471 4295 antecedunt.
508 4239 562 4292 llla
575 4238 671 4308 igitur,
691 4255 762 4306 quae
781 4237 906 4292 ordinem
920 4237 1045 4304 turbant,
1064 4235 1159 4306 potius
1173 4236 1320 4291 referenda

151 4316 216 4368 sunt
234 4314 271 4367 ad
290 4318 313 4378 5.
328 4318 375 4367 39:
394 4312 546 4378 „Putemus
560 4311 677 4380 aliquem
694 4311 792 4377 fucere,
810 4310 881 4378 quod
900 4314 1011 4378 operiet,
1028 4325 1086 4362 666
1099 4310 1182 4375 faciet
1195 4309 1321 4375 adsidue,

150 4402 207 4440 riom
224 4386 308 4453 faciei
326 4382 476 4452 aequaliter
494 4388 519 4438 61
536 4399 561 4451 q.
575 4386 617 4435 s.“
652 4381 719 4436 Inde
738 4381 869 4435 videntur
888 4397 949 4435 6666
967 4382 1098 4447 excerpta
1112 4379 1248 4434 61666616
1263 4397 1320 4447 quo

151 4473 216 4511 casu
235 4455 290 4509 buc
309 4454 412 4508 delate.
449 4452 504 4508 Sed
523 4453 558 4507 de
577 4451 669 4508 verbis
687 4450 867 4522 interpolatis
887 4452 955 4507 satis
974 4451 1080 4505 dictum
1099 4452 1150 4505 est.

222 4528 250 4596 2)
269 4526 320 4582 l.l.
340 4532 399 4595 p.9
419 4525 482 4580 adn.
504 4531 526 4580 1.
600 4526 627 4593 3)
646 4522 714 4578 ibid.
