2934 4966
229 320 294 384 616
651 320 789 376 Henricus
808 321 982 391 Hilgenfeld:

228 491 282 546 est.
320 487 453 563 Denique
478 488 552 546 ferri
574 488 713 565 ignisque
735 492 887 548 tormenta
904 490 966 548 iam
985 488 1123 565 Caligula
1142 491 1288 566 regnante
1309 491 1343 549 in
1362 489 1406 547 iu·

228 580 329 636 sontes
349 595 414 636 esse
439 577 574 636 adhibita
592 577 713 638 disertis
732 580 833 639 verbis
852 577 964 637 Seneca
981 579 1077 638 tradit
1094 578 1149 648 ΝΩ
1168 578 1213 636 IV
1230 579 1327 654 praef.
1351 581 1406 638 17:

234 666 373 724 Videbam
392 668 472 740 apud
491 665 596 726 Caium
619 673 772 736 memento,
795 669 927 728 videbam
945 670 1024 742 ignes
1043 687 1068 741 q.
1083 686 1106 727 a
1142 666 1199 726 Hic
1222 687 1294 727 vero
1320 669 1405 726 locus

227 773 296 812 cum
315 753 378 813 Caii
402 755 542 814 exhibeat
565 775 673 815 nomen
696 757 871 816 referendus
895 759 942 815 est
965 757 1000 815 ad
1024 758 1100 832 legis
1118 757 1214 815 Iuliae
1232 757 1404 816 maiestatis

226 844 362 917 abusum,
373 863 462 920 quam
474 848 634 920 postquam
644 846 743 922 viguit
750 845 889 923 Augusto
897 838 921 924 ¹)
931 845 1050 904 Tiberio
1057 838 1084 925 ²)
1095 837 1264 925 Caligula³)
1275 864 1404 921 regnan-

225 933 307 991 tibus
332 933 441 992 scimus
465 953 482 991 a
502 926 659 1016 Claudi04)
684 953 749 994 esse
775 953 953 1012 repressam,
971 937 1141 994 revocatam
1162 935 1282 993 demum
1304 953 1324 992 a
1342 935 1404 993 Ne.

165 1092 168 1098 ¹
225 1012 332 1102 rone⁵)
348 1040 425 1081 anno
442 1025 493 1084 62.
518 1023 581 1093 Quo
597 1022 735 1100 efficitur,
751 1023 868 1083 etiamsi
882 1024 920 1082 ad
928 1024 1078 1084 Neronem
1089 1022 1217 1082 Senecae
1228 1023 1322 1082 verba
1336 1042 1404 1098 per·

104 1189 108 1197 Ι
225 1110 364 1187 tinerent,
381 1114 482 1171 tamen
495 1131 555 1173 non
569 1132 690 1172 necesse
705 1132 770 1173 esse
784 1114 820 1171 ad
832 1111 1017 1171 Christianos
1033 1131 1068 1171 ea
1082 1112 1196 1171 referri.
1219 1112 1307 1171 Illius
1322 1111 1405 1170 enim

226 1199 310 1276 legis,
330 1200 411 1258 latae
431 1219 507 1261 anno
523 1204 564 1260 46
581 1221 606 1261 a
622 1201 692 1261 Chr.
706 1194 778 1281 nl),
796 1202 856 1260 reis
874 1201 985 1260 Paulus
1004 1201 1078 1260 iuris
1098 1202 1251 1260 consultus
1271 1200 1368 1259 tradit
1379 1191 1405 1280 7)

226 1291 317 1346 antea
335 1289 458 1348 solitum
481 1310 546 1350 esse
570 1310 649 1366 aqua
668 1294 699 1349 et
718 1291 781 1367 igni
800 1290 950 1366 interdici,
972 1293 1077 1365 postea
1101 1291 1276 1350 humiliores
1294 1289 1404 1348 bestiis

227 1396 292 1436 esse
308 1378 440 1438 obiectos
455 1382 502 1439 vel
517 1380 602 1439 vivos
617 1381 747 1456 exustos,
760 1379 946 1439 honestiores
961 1379 1058 1454 capite
1072 1380 1202 1454 punitos.
1232 1379 1313 1437 Illud
1329 1378 1406 1438 acci-

226 1465 305 1525 disse
327 1468 441 1526 liberae
464 1468 509 1528 rei
531 1469 668 1544 publicae
686 1469 872 1544 temporibus
893 1467 995 1528 Cicero
1007 1460 1034 1548 ⁸)
1055 1471 1237 1544 auctorest,
1261 1468 1405 1543 Augusto

227 1560 373 1630 regnante
393 1552 514 1617 Cassius
529 1551 629 1637 Di09),
648 1557 879 1633 imperatoribus
897 1557 1003 1617 ceteris
1021 1558 1227 1634 regnantibus,
1246 1559 1328 1615 certe
1348 1558 1406 1616 sub

228 1643 348 1705 Tiberio
367 1645 554 1706 honestiores
573 1647 671 1722 capite
690 1665 755 1706 esse
775 1647 939 1723 damnatos,
958 1647 1043 1707 velut
1061 1645 1246 1705 Cremutium
1262 1644 1406 1721 Cordum,

226 1733 355 1808 legimus
371 1736 450 1810 apud
464 1736 591 1796 Dionem
606 1737 638 1795 et
652 1728 845 1815 Tacitum.¹⁰)
869 1737 983 1811 Atque
998 1738 1133 1810 tempore
1147 1735 1335 1795 honestiores
1354 1752 1405 1793 ca-

227 1822 290 1897 pite
315 1825 530 1901 puniebantur,
555 1844 592 1885 ex
615 1828 683 1900 lege
701 1825 780 1883 Iulia
802 1825 976 1884 humiliores
1001 1824 1105 1884 bestiis
1129 1823 1336 1899 obiciebantur
1354 1823 1406 1882 vcl

227 1911 289 1971 vivi
304 1913 515 1990 exurebantur,
529 1933 625 1989 neque
634 1914 699 1972 ulla
713 1913 844 1990 dignitas
860 1933 878 1972 a
891 1914 1049 1972 tormentis
1064 1913 1276 1988 excipiebatur.
1300 1911 1405 1970 Notis·
1445 1991 1448 1995 Ι

226 2000 335 2059 simum
363 2005 463 2062 autem
488 2005 549 2077 est,
576 2006 689 2079 quanta
714 2002 838 2062 levitate
862 2004 1032 2077 quantaque
1056 2001 1181 2060 saeuitia
1204 2001 1405 2076 imperatores

226 2089 340 2165 priores
359 2091 414 2150 illa
433 2093 501 2168 lege
520 2092 582 2151 sint
600 2093 693 2151 abusi.
718 2091 804 2150 Talia
822 2091 916 2167 igitur
931 2109 985 2150 suo
1000 2092 1066 2150 iure
1081 2089 1194 2150 Seneca
1207 2089 1328 2150 videtur
1342 2089 1404 2147 iarn

226 2180 257 2236 in
275 2180 336 2239 illis
355 2181 589 2255 reprehendisse.

315 2268 374 2328 Sed
392 2288 430 2328 ne
451 2271 514 2328 ulla
531 2273 686 2328 remaneat
705 2269 868 2330 dubitatio:
887 2289 983 2345 neque
1004 2269 1164 2328 Suetonius
1175 2261 1213 2347 ¹¹)
1231 2287 1329 2342 neque
1344 2267 1404 2326 Ta-

227 2350 351 2438 citusffl)
367 2358 460 2416 tradit
474 2361 560 2417 tante
574 2358 751 2417 crudelitate
765 2359 876 2432 primos
890 2361 1013 2417 vexatos
1029 2376 1093 2416 esse
1108 2356 1302 2416 Christianos.
1332 2357 1403 2416 Non

226 2446 320 2505 refert
333 2447 390 2519 hic,
408 2466 489 2507 nova
507 2448 600 2508 fuisse
619 2447 766 2523 supplicia
783 2447 838 2506 illa
855 2465 910 2523 per
927 2447 1026 2523 ignem
1047 2449 1078 2505 et
1095 2446 1208 2505 bestias
1226 2445 1332 2522 petita,
1351 2445 1406 2504 sed

226 2554 338 2595 novum
354 2537 446 2596 fuisse
461 2537 656 2612 pereuntibus
671 2535 741 2595 addi
755 2536 895 2611 ludibria,
915 2535 993 2612 quod
1008 2555 1043 2595 ex
1057 2536 1121 2611 ipso
1136 2536 1301 2602 „cauato
1313 2553 1404 2594 uoca-

229 2625 300 2684 bulo
320 2625 394 2684 satis
414 2627 519 2685 elucet.
556 2627 626 2684 Non
647 2644 727 2684 nunc
750 2625 896 2685 contendo
918 2626 987 2700 lege
1011 2623 1176 2682 maiestatis
1195 2623 1316 2699 punitos
1336 2641 1405 2683 esse

227 2711 414 2773 Christianos
426 2705 474 2794 ¹³),
494 2715 546 2774 sed
565 2714 685 2773 easdem
704 2732 815 2789 poenas
834 2714 895 2772 iam
914 2714 1029 2790 pridem
1049 2730 1114 2773 esse
1133 2712 1242 2787 petitas
1261 2715 1299 2773 ab
1317 2713 1403 2772 illius

229 2802 305 2878 legis
323 2803 392 2863 reis.
429 2805 511 2880 Ergo
534 2806 661 2878 apparet
679 2822 756 2863 novo
775 2802 914 2879 supplicii
932 2822 1042 2880 genere
1061 2821 1148 2861 usum
1167 2820 1233 2861 esse
1250 2801 1403 2860 Neronem

226 2910 363 2950 nonaum
376 2892 496 2958 iuberet
510 2893 588 2953 ferro
602 2892 725 2968 ignique
739 2910 803 2951 rem
816 2893 882 2968 geri
896 2895 949 2950 aut
964 2891 1086 2950 canibus
1101 2890 1194 2965 proici
1205 2888 1403 2967 Christianos,

228 2980 280 3039 sed
303 2998 370 3038 cum
393 2981 512 3041 iuberet
535 2981 668 3041 ferarum
691 2982 785 3059 tergis
809 3000 859 3042 eos
883 2982 1034 3040 contectos
1058 2980 1167 3038 laniari
1191 2982 1244 3038 aut
1262 2980 1293 3038 in
1312 2999 1401 3038 usum

228 3070 365 3129 nocturni
384 3070 505 3129 luminis
524 3071 649 3130 incendi.
686 3069 733 3128 De
756 3070 868 3129 talibus
892 3070 1029 3129 ludibriis
1054 3069 1169 3144 cogitat
1188 3068 1325 3127 Clemens
1345 3068 1403 3126 Ro-

227 3177 333 3218 manus
356 3159 526 3220 Domitiano
549 3160 731 3236 imperatore
759 3161 929 3219 sanctorum
954 3159 1126 3218 describens
1149 3157 1297 3234 martyria
1307 3149 1347 3236 14)
1371 3161 1404 3216 et

320 3367 345 3431 1)
366 3365 419 3418 Dio
438 3370 481 3431 66,
502 3369 592 3435 at,.,.
620 3364 686 3420 Tac.
705 3365 739 3421 A.
759 3364 772 3417 I
791 3370 833 3420 72.
907 3366 934 3433 2)
953 3363 1017 3419 Tac.
1037 3364 1068 3419 A.
1090 3365 1101 3417 1
1121 3369 1163 3418 72.

319 3437 346 3505 3)
366 3435 451 3503 Suet,
471 3435 530 3490 Cal.
549 3441 591 3491 27.
618 3436 672 3491 Dio
692 3441 734 3503 ts,
750 3441 788 3506 4³·
808 3441 863 3506 22⁶·
937 3440 964 3501 4)
983 3434 1036 3489 Dio
1056 3442 1098 3504 60,
1114 3441 1150 3505 3⁶·

214 3510 218 3516 '
318 3511 346 3574 6)
365 3507 430 3561 Tac.
449 3506 482 3562 A.
502 3506 566 3560 XIV
581 3512 624 3561 48.
651 3506 727 3560 Suet.
747 3507 812 3562 Ner.
832 3511 876 3560 32.

317 3580 343 3647 6)
363 3577 415 3631 cfr.
434 3577 563 3647 Madvig,
591 3576 644 3632 Die
668 3577 841 3646 Verfassung
869 3578 926 3631 und
949 3576 1132 3647 Verwaltnng
1160 3576 1209 3630 des
1232 3575 1403 3631 Rbmischen

228 3651 348 3717 Staates,
368 3648 478 3718 Lipsiae
500 3654 577 3716 1882,
596 3647 622 3701 ΙΙ
636 3666 663 3717 p.
679 3652 739 3703 ato.

318 3723 344 3787 1)
364 3721 412 3774 cfr.
430 3719 480 3774 lib.
500 3719 525 3772 V
544 3721 615 3774 sent.
633 3719 678 3775 tit.
698 3725 754 3782 aaz,
773 3719 849 3788 „His
873 3724 955 3774 autea
978 3721 1010 3774 ia
1027 3723 1189 3789 perpetuum
1207 3735 1281 3788 aqua
1299 3724 1323 3773 et
1341 3719 1404 3787 ipsi

230 3791 446 3847 interdicebatur
450 3813 461 3859 ;
479 3806 553 3845 nuuc
570 3806 633 3845 cero
650 3791 815 3862 humiliores,
826 3792 918 3846 bestiis
936 3792 1093 3846 obiciuntur
1109 3791 1151 3845 oei
1163 3791 1220 3846 vici
1237 3796 1404 3858 exuruntur,

230 3863 393 3918 honestiores
412 3863 500 3931 capite
513 3864 677 3930 puniuntur
695 3901 701 3914 .
765 3863 846 3916 acilo
863 3863 987 3934 dignitus
1004 3879 1022 3916 a
1040 3861 1179 3916 tormentis
1197 3862 1362 3928 recapitare

316 3935 344 4002 s)
363 3932 434 3986 Phil.
453 3932 466 3984 Ι
485 3938 528 3987 aa.
596 3935 624 4001 9)
644 3937 687 4000 sc,
706 3938 776 4003 aa,
847 3936 890 4003 10)
909 3933 963 3986 Dio
982 3938 1025 4000 cc,
1044 3937 1087 3986 24.
1105 3931 1171 3987 Tae.
1189 3934 1221 3986 n.
1241 3931 1279 3984 IV
1294 3937 1337 3986 ³4.
1358 3936 1401 3986 as.

305 4007 349 4071 11)
369 4004 416 4072 qui
436 4004 471 4057 de
486 4002 709 4059 Christianorum
728 4003 874 4074 suppliciis
897 4004 968 4057 nihil
982 4004 1052 4058 dicit
1063 4003 1118 4058 nisi
1133 4002 1208 4073 (Ner.
1226 4000 1282 4072 lb):
1302 4003 1403 4072 astricti

226 4076 372 4144 suppliciis
392 4075 552 4130 Christiani.
627 4076 671 4146 11)
690 4074 738 4129 cfr.
759 4092 843 4145 snpra
861 4093 888 4143 p.
904 4080 956 4130 614
975 4075 1038 4128 adn.
1058 4081 1082 4130 6.

301 4148 345 4213 13)
365 4146 413 4200 cfr.
432 4145 577 4214 Arnold,
595 4146 647 4202 Die
666 4145 837 4201 Neronische
857 4144 1155 4215 Christenvcrfolgung
1172 4163 1200 4215 p.
1216 4152 1258 4201 73.

299 4219 342 4286 14)
362 4218 398 4271 ad
418 4217 478 4271 Cor.
498 4216 553 4271 16.
584 4219 628 4272 διὰ
652 4221 737 4285 Ζῆλον
761 4221 913 4285 διωχθεῑεαι
936 4223 1063 4283 γυναῖκε(
1082 4217 1219 4271 Δαναίδεε
1238 4218 1282 4270 καὶ
1301 4215 1402 4283 Δίρκα)

227 4288 371 4355 αἱκίεματα
390 4290 467 4343 δεινὰ
486 4291 530 4341 καὶ
550 4289 644 4342 dubria
662 4293 797 4344 uueobcut
821 4291 865 4343 ἐπὶ
883 4289 934 4343 τὸν
952 4293 1003 4356 τῆς
1024 4289 1141 4343 πίετεω(
1164 4289 1273 4355 βέβαιον
1297 4288 1402 4354 δρόμον

227 4361 402 4427 κατήντηεαν
426 4362 470 4413 καὶ
493 4361 593 4430 ἔλαβον
615 4361 698 4426 γέρα(
721 4367 850 4425 γενναῖον
873 4360 901 4413 αἱ
924 4361 1044 4415 deberet(
1061 4366 1102 4430 τῷ
1122 4361 1234 4426 eductu.
1270 4359 1312 4413 De
1330 4359 1402 4412 tem-

226 4448 295 4554 pore
318 4429 395 4484 vide:
424 4428 576 4486 Clementis
605 4430 725 4484 Romani
747 4431 899 4500 epistulae,
928 4430 971 4484 ed.
1000 4431 1033 4485 A.
1057 4429 1274 4501 Hilgenfeld,
1299 4429 1342 4486 ed.
1366 4429 1402 4485 Il.

250 4500 339 4571 ipsias
360 4507 437 4569 rsus,
456 4500 527 4572 prol.
546 4521 573 4572 p.
595 4507 710 4557 ar-as.
