2934 4966
207 319 272 383 642
628 319 765 376 Henricus
783 321 952 390 Hilgenfeld:

207 492 330 567 sophiae
352 490 451 551 studio
474 492 555 550 recte
578 490 761 550 instituendo
785 491 981 568 epistularum
1004 492 1102 551 forma
1125 513 1183 552 unc
1206 495 1315 555 tenore
1338 516 1387 555 re-

154 614 159 623 ·
207 599 276 639 cens
301 581 420 658 scripta.
461 580 664 639 Intermiscuit
686 582 845 640 nonnullas
868 582 964 642 iustas
989 581 1133 656 epistulas
1157 586 1227 659 post
1250 585 1387 645 alterum

206 688 313 745 corpus
333 671 447 729 editum
460 669 520 728 iam
534 689 568 730 co
583 670 680 729 animo
697 671 884 744 compositas,
904 673 939 729 ut
957 671 988 729 in
1006 672 1085 730 hunc
1103 672 1237 731 ordinem
1256 680 1386 748 possent

205 759 305 819 inseri.
342 758 449 819 Omnia
468 759 509 818 sic
528 759 684 833 ordinavit,
704 761 738 818 ut
757 760 854 838 quoad
872 759 936 819 fieri
956 761 1058 836 potuit
1077 764 1237 836 appareret
1256 767 1383 823 sentcn-

204 848 316 907 tiarum
334 867 471 909 conexus,
508 847 574 917 Qua
595 848 627 906 in
650 868 683 907 re
701 848 816 908 felicior
834 853 898 908 erat
916 849 948 907 in
966 848 994 906 V
1012 849 1103 924 libro,
1127 850 1210 910 cuius
1235 853 1384 912 maiorem

205 941 322 1012 partem
341 938 478 1013 deinceps
498 937 625 1016 scripsit,
645 956 735 1014 quam
752 938 785 996 in
802 937 855 1014 IV,
874 938 958 997 cuius
977 938 1134 1015 plerasque
1153 939 1302 1015 epistulas
1323 944 1385 1001 col-

136 1063 139 1068 ·
204 1027 287 1103 legit.
325 1025 469 1086 Omnibus
494 1026 638 1085 absolutis
663 1045 730 1085 cum
754 1027 863 1086 addere
886 1026 979 1086 uellet
1002 1027 1169 1087 Stoicorum
1192 1047 1281 1089 voces
1307 1049 1326 1089 a
1349 1047 1404 1092 se·

205 1117 271 1192 ipso
286 1117 493 1192 excerpendas,
512 1116 660 1192 cognovit,
680 1116 820 1191 quoniam
838 1117 1065 1192 gnomologium
1083 1136 1144 1177 non
1161 1121 1286 1192 praesto
1307 1125 1384 1196 erat,

205 1205 236 1263 id
249 1224 308 1264 non
323 1206 367 1264 ita
381 1205 467 1264 facile
481 1223 568 1280 posse
583 1203 656 1263 ficri.
682 1205 748 1275 Qua
762 1206 798 1264 de
813 1223 903 1264 causa
917 1223 948 1264 se
964 1207 1117 1266 excusavit
1131 1225 1176 1283 ep.
1188 1209 1239 1266 33.
1262 1209 1384 1269 Eodem

204 1295 267 1354 fere
286 1298 420 1370 tempore
439 1293 554 1353 addidit
572 1312 616 1369 ep.
633 1296 684 1354 38.
998 1305 1001 1311 '

294 1384 395 1460 Atque
418 1382 558 1459 quoniam
581 1383 636 1442 hoc
660 1402 783 1459 corpore
806 1386 869 1442 tam
888 1385 986 1443 varias
1005 1385 1176 1460 complexus
1196 1389 1242 1445 est
1266 1391 1384 1463 partes,

205 1472 271 1532 ficri
292 1492 352 1532 non
375 1471 475 1548 potuit
498 1475 533 1530 ut
556 1473 676 1549 saepius
695 1472 815 1532 disertis
835 1473 934 1532 verbis
953 1474 1086 1533 eiusdem
1105 1475 1265 1535 voluminis
1286 1479 1384 1554 respi-

207 1565 288 1622 ceret
307 1562 459 1638 epistulas.
488 1560 593 1637 Semel,
612 1563 681 1640 4513
701 1553 747 1642 (ln
761 1563 853 1621 ultrum
867 1563 941 1622 dicon
954 1564 1030 1623 dcccc
1043 1565 1121 1623 litem
1138 1581 1203 1624 carn
1221 1567 1386 1627 dialecticis

206 1642 356 1733 differam)
376 1653 490 1726 spectat
508 1649 546 1708 ad
566 1652 607 1710 48
628 1657 659 1709 et
677 1653 719 1710 49
740 1651 877 1726 deinceps
895 1643 1063 1726 postillam
1081 1653 1217 1728 scriptas.

295 1740 359 1810 Quo
374 1742 507 1816 tempore
521 1739 657 1815 singulae
673 1740 820 1815 epistulae
834 1740 895 1800 sint
909 1743 1097 1816 compositae,
1111 1745 1232 1817 praeter
1242 1761 1287 1820 ca,
1302 1765 1383 1820 quae

206 1831 338 1905 exposui,
358 1830 407 1888 vix
426 1832 471 1888 est
490 1828 541 1904 qui
560 1829 727 1888 accuratius
745 1829 915 1905 investiget.
953 1829 1077 1899 Quando
1096 1834 1193 1890 totum
1212 1850 1322 1908 corpus
1342 1835 1385 1894 sit

205 1918 329 1991 editum,
348 1919 378 1976 in
393 1919 565 1978 universum
579 1920 697 1977 constat
712 1937 748 1976 ex
761 1919 813 1995 eis,
832 1937 908 1995 quae
924 1921 1015 1995 supr'a
1029 1920 1254 1996 disputavimus.
1290 1920 1383 1982 Certe

204 2008 377 2067 absolutum
393 2011 458 2066 erat
472 2025 531 2066 non
550 2007 646 2066 multo
664 2009 734 2083 post
752 2008 866 2083 priores
886 2011 947 2067 tres
965 2007 1059 2068 libros
1077 2000 1279 2092 publicatos¹)
1300 2029 1383 2071 anno

204 2098 267 2156 fere
287 2099 328 2157 62
349 2100 484 2156 exeunte.
519 2095 568 2154 Ad
586 2097 642 2155 hoc
660 2103 779 2170 tempus
803 2097 921 2172 reliqua
944 2098 1095 2173 quadrant
1113 2099 1243 2175 vestigia
1261 2119 1298 2158 ex
1318 2102 1382 2176 epi·

205 2187 302 2262 stulis,
321 2189 440 2262 tempus
460 2185 486 2245 si
504 2185 688 2262 respicimus,
706 2185 923 2260 posterioribus
938 2189 1074 2263 sumpta:
1094 2186 1204 2248 Seneca
1223 2206 1255 2247 se
1275 2207 1383 2249 senem

205 2293 271 2335 esse
289 2276 361 2335 dicit
369 2267 409 2354 ²),
428 2274 561 2333 Lucilius
580 2273 676 2333 adhuc
693 2277 869 2349 procurator
888 2277 934 2334 est
953 2273 1071 2336 Siciliae
1080 2268 1119 2355 3),
1143 2276 1298 2336 fortunam
1317 2278 1381 2338 iam

204 2367 251 2424 est
270 2367 408 2439 expertus
418 2355 455 2444 4),
473 2363 680 2439 philosophiae
699 2364 811 2423 cunctis
832 2364 944 2423 viribus
963 2383 995 2423 se
1014 2357 1138 2446 dedit.⁵)
1183 2425 1186 2429 ,

293 2453 393 2529 Atque
403 2452 463 2512 iam
474 2452 663 2511 constituisse
674 2450 817 2512 Senecam
832 2453 918 2512 edere
928 2453 1051 2512 tertium
1062 2453 1259 2528 epistularum
1269 2473 1382 2532 corpus

205 2542 410 2618 cognoscimus
430 2545 513 2620 3⁶11³
531 2541 608 2610 „Sed
620 2545 723 2615 postea
742 2543 906 2616 didicentes
919 2544 1029 2611 doceto,
1044 2546 1143 2604 omnia
1156 2561 1230 2617 quac
1242 2546 1382 2605 uidentur
1414 2579 1420 2591 ·

200 2635 309 2706 perire,
323 2634 451 2691 testard
472 2625 538 2712 (cfr.
555 2632 631 2708 5822.
648 2623 786 2710 711,14).
815 2633 897 2710 5215:
916 2632 1082 2703 „Differam
1094 2633 1146 2692 hoc
1159 2635 1383 2706 inpraesentia.

203 2722 362 2782 Desiderat
375 2722 451 2780 caim
459 2721 616 2793 proprium
626 2721 777 2793 ellanpurc
791 2723 1003 2788 exsecutionem,
1018 2723 1257 2794 quemadmodum
1264 2726 1382 2796 populo

203 2812 416 2878 disserendum,
442 2809 512 2882 qula
529 2810 584 2869 sibi
603 2810 683 2882 apud
700 2809 844 2882 populum
861 2811 1087 2883 permittendam
1104 2813 1155 2879 sit,
1178 2813 1248 2884 quid
1264 2815 1381 2886 populo

204 2902 284 2973 apud
302 2903 361 2959 se.“
397 2899 465 2957 Etsi
484 2917 574 2974 quam
592 2898 621 2959 h.
635 2898 654 2957 l.
673 2897 815 2973 respiciat
833 2897 991 2973 epistulam
1012 2918 1070 2958 non
1089 2891 1224 2981 liquet.⁶)
1261 2900 1318 2976 Ep.
1335 2904 1378 2962 39

203 2988 366 3066 promittit,
390 2987 597 3063 philosophiae
621 2987 848 3046 commentarios
867 3007 900 3047 sc
919 3005 984 3046 esse
1003 2989 1249 3064 compositurum,
1273 2990 1381 3049 sedin

203 3077 245 3136 eis
265 3077 474 3153 componendis
494 3095 547 3135 suo
567 3094 743 3135 sensurum
763 3094 828 3136 csse
846 3094 938 3136 more.
974 3076 1022 3136 Ad
1046 3078 1191 3154 epistulas
1216 3082 1379 3154 sequentes

203 3168 275 3226 haec
293 3166 389 3242 primo
409 3167 516 3227 obtutu
535 3184 595 3224 non
612 3165 753 3225 videntur
770 3166 928 3242 pertinere.
961 3165 1068 3242 Itaque
1082 3185 1209 3243 quorsus
1229 3170 1379 3246 spectent,

203 3256 301 3315 adhuc
318 3256 465 3315 incertum
484 3254 629 3330 relinquo.

291 3345 348 3404 Est
365 3345 459 3421 igitur
477 3361 584 3419 corpus
603 3343 634 3401 II
653 3362 689 3402 ex
706 3342 799 3402 variis
818 3342 955 3418 epistulis
970 3346 1036 3403 arte
1052 3346 1144 3422 atquc
1157 3343 1281 3405 consilio
1297 3364 1378 3404 com·

201 3433 343 3510 positum.
372 3432 536 3493 Ordinandi
550 3450 671 3508 operam
685 3451 745 3492 non
764 3434 811 3491 est
828 3451 881 3491 cur
895 3432 1023 3492 Senecae
1038 3433 1253 3494 abiudicemus.
1278 3432 1379 3494 Immo

203 3543 267 3600 epp.
279 3526 320 3584 33
337 3527 367 3583 et
383 3525 423 3584 38
438 3524 536 3583 totum
554 3521 677 3598 respicit
691 3539 798 3596 corpus
812 3521 970 3581 collectum
984 3526 1014 3581 et
1028 3522 1054 3582 si
1069 3524 1149 3582 recte
1168 3523 1379 3584 contendimus

203 3654 415 3662 —u-—-—

274 3733 301 3797 1)
320 3730 369 3786 cfr.
389 3735 446 3799 aa,
466 3732 520 3799 ee,

273 3803 302 3871 a)
320 3803 392 3872 (aa,
413 3801 470 3871 35³)
488 3805 544 3872 45,
564 3805 621 3871 aa,

274 3875 300 3937 a)
321 3878 375 3942 31,
395 3877 450 3942 43,
471 3876 526 3943 45,
600 3873 629 3940 4)
647 3877 703 3942 31,
778 3871 805 3940 s)
824 3875 880 3940 31,
899 3875 955 3942 cs,
975 3873 1045 3941 47„

274 3945 302 4014 6)
321 3943 436 3998 Duobus
456 3942 519 3996 aliis
537 3941 616 3997 locis.
636 3948 697 4014 4⁶³²
716 3943 779 4011 „Dc
793 3942 864 3997 libro
873 3943 961 4012 plura
974 3942 1092 3996 scribam
1106 3959 1167 3996 cnm
1180 3943 1261 3997 illum
1274 3947 1378 3998 retrac-

201 4018 312 4070 tocer·o“
322 4017 351 4069 et
359 4020 418 4084 481:
429 4015 495 4080 „Aa
504 4015 657 4083 epistulam,
667 4031 749 4082 quam
757 4014 826 4068 mihi
835 4029 868 4067 ec
876 4015 974 4068 itinere
982 4013 1091 4078 misisti,
1098 4018 1192 4082 postca
1201 4015 1380 4082 rescribam“,

202 4084 274 4140 nihil
288 4088 333 4140 cst
347 4084 535 4141 tribuendum.
568 4084 640 4138 Nam
655 4090 701 4154 l=8l
716 4083 788 4139 nihil
802 4084 905 4139 certius
918 4083 1100 4154 promittitur,
1115 4087 1196 4154 etep.
1207 4084 1379 4142 desidimus

201 4157 266 4212 ideo
281 4173 341 4211 esse
355 4156 498 4224 insertam,
518 4157 584 4226 quia
596 4155 697 4210 Lucilii
716 4156 820 4237 scripta
839 4173 873 4211 ea
890 4155 1048 4210 laudantur.
1085 4155 1183 4224 Itaque
1201 4154 1260 4209 illis
1279 4155 1378 4211 verbis

201 4234 224 4294 ἕ.
240 4234 257 4282 3
276 4230 325 4283 aut
344 4245 373 4282 se
393 4230 517 4296 excusat,
546 4244 595 4282 cur
620 4243 675 4280 non
698 4226 796 4281 iudicii
820 4227 863 4280 sui
887 4225 1002 4295 copiosa
1022 4225 1199 4281 exsecutione
1217 4225 1377 4296 legentium

202 4298 305 4369 fatiget
323 4298 441 4367 animos,
467 4301 516 4353 aut
534 4299 566 4364 ai,
585 4299 659 4367 quod
678 4297 771 4351 minus
790 4298 941 4352 verisimile
959 4302 1011 4366 est,
1031 4298 1159 4367 privatae
1177 4299 1243 4352 sunt
1260 4298 1377 4355 litterae

202 4373 231 4424 et
249 4387 316 4424 vera
334 4369 475 4438 promisit,
500 4370 619 4425 fortasse
638 4370 662 4422 is
681 4371 743 4423 erat
764 4367 849 4436 liber,
873 4368 952 4423 cuius
976 4371 1171 4438 argumentum
1194 4385 1257 4423 cum
1282 4370 1377 4426 minus

202 4442 352 4510 quadraret
380 4441 415 4495 ad
445 4440 524 4495 huius
553 4440 676 4509 corporis
704 4439 841 4509 epistulas
865 4442 893 4494 et
910 4439 1012 4494 Lucilii
1034 4440 1113 4494 laudi
1136 4440 1192 4494 iam
1211 4440 1279 4495 satis
1298 4445 1377 4498 esset

201 4514 316 4582 factum,
335 4511 492 4582 promissae
511 4512 578 4567 illae
597 4511 709 4566 litterae
728 4529 760 4566 ex
780 4512 834 4565 hoc
853 4526 968 4580 corpore
988 4513 1068 4567 crant
1086 4511 1282 4568 excludendae.
