2934 4966
388 327 429 383 De
447 327 477 382 L.
498 328 606 395 Annaei
626 328 749 384 Senecae
768 327 897 398 epistulis
915 327 1077 384 moralibus.
1252 327 1313 392 641

239 499 408 576 Numquam
432 501 532 558 autem
556 497 715 558 concedam
741 498 852 558 iustam
877 516 943 558 cese
970 497 1130 573 epistulam
1150 499 1201 574 33,
1228 516 1319 574 quam

140 589 291 664 scriptam
314 606 380 648 esee
402 591 471 663 poet
494 588 609 663 priores
633 587 729 647 editae
752 587 813 647 iam
834 587 896 646 dixi
914 578 957 667 (p.
974 578 1062 666 632).
1100 585 1189 647 Oerte
1208 588 1320 663 scripta
1367 627 1373 637 -

140 681 195 737 est
212 680 282 753 post
305 696 371 753 epp.
387 679 493 738 1-29
513 677 544 735 iu
563 697 656 735 unum
674 696 781 753 corpus
800 677 937 737 redactae
955 678 1080 753 propter
1098 675 1191 738 verba
1210 669 1319 758 (§.1):

140 768 328 835 „Desideras
351 767 397 826 tis
419 784 528 840 quoqac
551 766 680 840 epistulis
702 769 776 826 sisai
792 768 944 839 prioribus
962 767 1089 826 artemibi
1107 764 1320 840 almuos‘ooccs

141 861 312 916 nostrorum
329 860 512 930 procerum.“
548 854 650 931 Atque
673 855 747 916 adeo
771 875 838 914 cum
862 855 935 914 dicit
954 856 1093 930 scriptor:
1125 856 1194 924 „iiie
1212 874 1322 929 caepim

144 946 316 1020 epistahs“,
348 947 464 1004 certum
496 945 646 1021 quendam
677 964 836 1004 numerum
863 944 999 1020 intellegi
1026 945 1095 1003 vult
1126 962 1144 1003 a
1170 944 1320 1020 prioribus

122 1035 308 1094 diversum.
345 1033 403 1093 Vix
422 1034 463 1093 sic
482 1034 599 1094 locutus
619 1037 677 1109 est,
700 1033 757 1092 nisi
781 1052 848 1093 cum
872 1033 1028 1109 colligeret
1046 1033 1169 1093 secundi
1187 1033 1320 1109 corporis
1389 1077 1391 1081 -

144 1124 302 1200 epistulas.
339 1121 476 1200 Accedit,
499 1123 578 1200 quod
597 1122 661 1182 eius
681 1125 892 1199 argumentum
911 1124 1028 1198 spectat
1051 1123 1089 1181 ad
1106 1123 1201 1187 ,huius
1224 1122 1319 1198 ipsius

144 1212 331 1274 collectionis
355 1212 510 1272 rationem.
551 1211 683 1286 Exponit
706 1212 786 1271 euim
809 1211 934 1287 Seneca,
958 1230 1011 1270 cur
1033 1230 1105 1286 nou,
1129 1211 1207 1271 sicut
1229 1214 1321 1271 antea

144 1302 279 1378 Epicuri,
303 1301 345 1361 sic
362 1319 441 1360 nuuc
461 1300 628 1362 Stoicorum
647 1301 790 1362 adiecerit
807 1320 915 1360 vocum
933 1302 1079 1361 catenam.
1114 1300 1197 1361 Haec
1221 1301 1321 1360 omnia

144 1391 286 1468 quotiens
297 1391 395 1456 auimo
406 1391 593 1468 complector,
611 1409 671 1451 uon
685 1390 799 1464 dubito,
816 1390 889 1467 quin
904 1392 945 1452 33
961 1409 1020 1450 uon
1035 1391 1075 1449 sit
1088 1390 1168 1450 iusta
1181 1391 1320 1466 epistula,

144 1479 202 1540 sed
217 1479 380 1556 composita
393 1479 517 1556 reliquis
531 1479 592 1538 iam
606 1480 791 1558 conscriptis,
810 1498 878 1539 cum
897 1481 1037 1539 ederetur
1055 1480 1184 1539 alterum
1203 1498 1319 1555 corpus.

144 1569 215 1640 Qua
233 1589 300 1628 cum
318 1569 467 1642 doceatur,
486 1568 633 1644 quomodo
652 1568 874 1630 commentariis
894 1571 925 1628 et
943 1569 1090 1644 excerptis
1115 1569 1155 1629 sit
1173 1569 1320 1629 utendum

142 1657 332 1718 incumbenti
350 1657 388 1716 ad
406 1658 635 1734 philosophiam,
655 1676 709 1717 suo
728 1657 793 1717 iure
812 1659 868 1716 hoc
885 1659 917 1716 in
936 1657 1038 1717 ordine
1056 1658 1176 1734 legitur.

239 1747 350 1806 Similis
370 1751 416 1806 eet
435 1747 487 1807 38.
524 1746 607 1806 Haec
630 1765 749 1823 quoque
773 1766 827 1806 suo
850 1747 914 1806 loco
934 1748 983 1806 eet
1000 1747 1100 1822 posita
1117 1766 1214 1824 neque
1232 1767 1320 1824 argu·

144 1840 250 1902 meuto
270 1837 368 1895 aliena
386 1855 404 1894 a
422 1835 538 1896 ceteris.
574 1834 714 1895 Ostendit
732 1836 965 1912 enimxscriptor,
984 1838 1129 1912 quantum
1147 1837 1321 1912 proficiatur

145 1944 287 1986 sermone
304 1927 410 1984 mutuo
433 1925 464 1983 in
487 1925 692 2000 philosophiae
716 1926 883 2001 praeceptis
901 1924 1064 1984 tradendis.
1101 1925 1159 1985 Sed
1179 1927 1320 1986 boccum

144 2015 283 2089 disputat
308 2015 525 2090 quodammodo
554 2033 585 2073 ee
611 2019 747 2090 excusat,
779 2034 832 2073 cur
859 2014 957 2073 adhuc
990 2017 1095 2073 utatur
1122 2015 1320 2090 epistularum

143 2106 258 2181 forma,
286 2103 426 2162 cotidiani
451 2104 596 2162 sermonis
621 2103 760 2177 imagine.
806 2102 940 2178 Respicit
966 2103 1060 2179 igitur
1088 2105 1185 2163 totum
1214 2123 1320 2181 corpus

144 2193 315 2252 collectum.
352 2192 445 2250 Porro
465 2191 556 2269 legite
576 2210 686 2267 quaeso
706 2191 837 2251 initium:
859 2192 988 2260 ..Merito
1007 2193 1104 2266 ariph,
1127 2197 1160 2252 at
1177 2194 1229 2252 hoc
1246 2196 1321 2254 iuter

142 2301 201 2342 rios
226 2282 416 2356 epistularum
441 2283 640 2340 commercium
662 2282 902 2354 freqaeatcmrrs.“
942 2281 1003 2340 Diu
1027 2281 1242 2341 dubitaverunt
1265 2283 1321 2342 viri

145 2371 243 2443 docti,
267 2370 338 2445 quid
363 2372 443 2430 esset
466 2370 700 2430 concludendum
724 2390 758 2430 ex
782 2370 829 2430 hie
852 2370 960 2431 verbis.
968 2362 994 2450 ¹)
1031 2371 1104 2429 Mihi
1128 2371 1170 2430 sic
1189 2372 1320 2431 videtur:

145 2459 296 2528 Quoniam
321 2468 523 2536 magnopere
547 2460 655 2517 harum
679 2460 875 2533 epistularum
895 2462 960 2519 erat
977 2460 1037 2517 iarn
1056 2463 1147 2518 autea
1166 2453 1321 2540 scripsa2),

144 2548 334 2624 reliquarum
351 2548 520 2624 permultae
539 2566 598 2606 non
616 2547 714 2607 iustae
728 2548 875 2623 epistulae
890 2547 942 2606 sed
957 2540 1160 2629 simulatae³)‚
1178 2552 1244 2608 tota
1262 2551 1321 2609 col-

146 2636 239 2697 lectio
249 2639 344 2697 multo
354 2636 491 2698 breuiore
504 2639 639 2712 tempore
653 2639 722 2712 post
735 2637 866 2712 priorem
876 2639 941 2696 erat
950 2636 1044 2711 finita,
1059 2637 1320 2712 quamverieimile

146 2730 216 2788 erat
230 2726 261 2784 in
270 2745 341 2787 vero
351 2727 550 2801 epistularum
564 2725 739 2787 commercio
753 2726 835 2786 iutra
849 2725 979 2786 Siciliam
994 2728 1024 2785 et
1038 2726 1162 2785 Romam
1176 2729 1225 2787 vel
1235 2726 1321 2787 Cam·

144 2817 269 2892 paniam
288 2815 448 2875 missarum
468 2820 499 2874 et
516 2815 717 2875 remissarum.
754 2814 789 2873 Id
808 2818 842 2874 ut
860 2815 961 2891 aliquo
980 2814 1067 2874 modo
1086 2816 1226 2876 redderet
1243 2818 1319 2878 veri·

147 2904 285 2978 similius,
305 2904 415 2962 Seneca
430 2904 539 2963 adiecit
554 2923 598 2979 ep.
613 2906 656 2964 38
671 2922 739 2963 cum
753 2907 867 2964 ceteras
882 2904 985 2964 ederet
1002 2904 1046 2963 ita
1060 2905 1267 2981 conscriptam,
1287 2910 1321 2966 ut

147 2993 263 3069 aliquid
282 2992 430 3052 conferret
449 2993 488 3053 ad
506 2994 712 3070 quaestionem
730 2987 924 3069 propositam.

239 3082 321 3141 Inter
331 3084 483 3160 utraeque,
492 3101 579 3142 veras
590 3085 621 3142 et
630 3083 723 3156 fictas,
737 3083 868 3142 medium
878 3084 975 3142 locum
985 3084 1098 3156 tenent,
1109 3101 1185 3161 quae
1194 3086 1320 3162 restant,

149 3174 204 3245 31,
223 3173 275 3246 39,
294 3173 346 3244 40,
366 3173 419 3246 43,
437 3173 488 3245 51,
512 3189 586 3248 quae
610 3191 670 3232 non
693 3172 788 3232 audeo
811 3190 906 3248 neque
931 3171 998 3230 huic
1018 3190 1117 3247 neque
1132 3172 1178 3231 illi
1196 3192 1320 3233 numero

147 3260 327 3320 adscribere.
363 3259 441 3320 Puto
464 3261 558 3337 igitur
582 3279 632 3319 ess
650 3280 683 3320 re
702 3280 773 3320 vera
791 3265 860 3336 poet
877 3261 992 3336 priores
1011 3261 1152 3321 collectas
1171 3281 1190 3320 a
1208 3262 1321 3323 Seneca

148 3367 216 3409 esse
230 3349 387 3408 tabellario
403 3350 489 3409 datae
504 3350 541 3409 ad
551 3349 699 3410 Lucilium
714 3350 916 3428 perferendae,
930 3350 981 3409 sed
996 3349 1039 3409 ita
1053 3349 1113 3409 ism
1128 3353 1319 3428 conscriptas,

146 3442 184 3498 ut
203 3439 319 3514 possint
337 3437 368 3496 in
386 3439 440 3498 hoc
460 3457 566 3514 corpus
585 3439 685 3515 recipi.

239 3526 349 3586 Seneca
367 3526 462 3602 igitur
479 3528 540 3586 iam
558 3547 625 3585 cum
640 3529 744 3588 aderet
761 3528 892 3602 primum
906 3528 1103 3603 epistularum
1123 3547 1230 3604 corpus
1250 3547 1319 3588 cou-

147 3616 250 3675 stituit
263 3617 392 3675 alterum
406 3616 514 3675 addere
524 3608 562 3697 4),
576 3617 608 3675 in
617 3617 696 3693 quod
711 3618 823 3692 recepit
835 3636 910 3694 quae
925 3617 986 3676 iam
1000 3620 1089 3675 antea
1103 3618 1321 3693 conscripserat

147 3705 242 3764 animi
254 3704 380 3781 perlecti
394 3706 496 3766 laudes
512 3708 543 3764 et
557 3706 836 3766 commendationes
864 3706 984 3765 Adiecit
997 3709 1158 3783 praecepta
1172 3707 1208 3766 de
1222 3707 1318 3782 philo·

223 3949 248 4015 1)
223 3945 316 4001 l.clr
332 3963 416 4015 supra
430 3965 449 4016 p
467 3954 519 4003 621
535 3949 563 4001 et
577 3951 630 4001 824
644 3947 708 4001 adn.
719 3953 745 4001 3.
778 3946 858 4013 Quod
874 3947 1054 4001 Schultess
1068 3947 1220 4016 contendit,
1235 3946 1320 4002 itine-

147 4018 227 4073 ribus
246 4021 275 4072 et
292 4017 430 4071 Lucilium
449 4021 478 4072 et
496 4019 630 4074 Senecam
654 4021 739 4073 autea
762 4016 920 4087 prohibitos
940 4035 999 4074 esee
1004 4018 1179 4091 frequentes
1198 4019 1319 4074 scribere

149 4089 300 4170 epistulas,
324 4089 393 4142 mihi
417 4104 472 4143 non
494 4089 631 4159 probavit.
674 4088 754 4143 Illius
777 4089 852 4144 euim
875 4107 961 4144 uuum
984 4082 1157 4144 memoratur
1183 4089 1238 4144 iter
1263 4095 1320 4161 48,,

148 4160 746 4243 quoniam281exaliocorporeestsum
767 4164 805 4228 ta,
824 4161 869 4216 hic
888 4177 954 4216 vero
973 4160 1045 4215 nihil
1062 4165 1158 4217 narrat
1176 4162 1231 4216 uisi
1246 4131 1320 4216 Noas

148 4230 237 4300 polim
256 4235 285 4287 et
302 4229 451 4315 Pompeios
470 4247 500 4285 se
519 4232 627 4287 venisse
646 4236 748 4302 49„u
729 4180 805 4286 sii
804 4232 955 4300 quamdiu
979 4235 1104 4288 versatus
1127 4232 1165 4286 sit
1188 4235 1217 4287 et
1240 4232 1316 4301 quali

147 4320 214 4357 usus
232 4301 290 4359 otio
309 4303 455 4358 nescimus.

221 4374 906 4443 mmmmmmmmmmpm.

221 4448 249 4513 3)
268 4452 309 4500 33.
326 4451 368 4500 38.
384 4452 426 4499 41.
442 4450 484 4500 44.
499 4451 598 4500 41846.
614 4453 657 4502 47.
673 4451 715 4502 le.
730 4451 773 4503 49.
789 4452 832 4502 52.

221 4520 248 4585 4)
267 4523 321 4587 268.
351 4515 399 4572 cir.
420 4533 445 4586 p.
462 4523 513 4572 630
533 4520 562 4572 et
580 4523 640 4573 682.
