2940 4964
226 325 292 390 640
649 323 784 379 Ηο001000
802 323 978 394 Hilgenfeld:

227 513 264 554 sa
278 494 467 554 4100040040
481 492 605 568 Lucilio,
625 513 701 570 quae
716 514 775 554 non
789 493 938 571 quadrant
951 495 982 553 in
996 497 1220 570 procuratorem
1235 492 1363 554 Siciliae.
1372 487 1398 575 ¹)

226 584 310 645 Haec
329 585 441 660 scripta
464 586 534 643 sunt
552 587 604 642 aut
623 587 782 660 postquam
801 583 934 643 Lucilius
958 584 1047 643 desiit
1066 603 1131 644 esse
1150 587 1325 660 procurator
1344 588 1400 643 aut

226 677 386 750 antequam
410 673 516 748 coepit.
553 672 634 732 Illud
652 692 723 733 vero
742 673 840 733 minus
860 674 907 732 est
925 663 1107 747 verisimile,
1120 673 1260 750 quoniam
1278 674 1399 732 demon·
1451 740 1460 751 ,

227 762 322 824 040001
340 781 405 823 0000
423 763 478 822 500
498 763 641 838 epistulas
661 782 697 822 ex
716 765 805 822 antea
822 763 977 839 neglectis,
995 781 1055 821 non
1074 781 1110 820 ex
1127 762 1246 822 additis.
1274 761 1330 822 His
1346 763 1399 821 ad·

227 871 349 912 numero
368 871 414 928 ep.
431 853 481 925 50,
500 871 560 928 qua
578 870 644 911 oum
663 852 828 930 nuntietur,
846 850 1018 927 Harpasten
1033 851 1135 910 subito
1150 851 1273 911 desiisse
1287 851 1400 929 videre,

145 956 147 960 ⁴
227 941 354 1017 speciem
374 941 506 1017 praefert
524 941 621 1000 iustae
641 941 796 1016 epistulae
829 941 876 999 Ad
895 941 951 1001 hoc
965 941 1100 1016 quadrat,
1120 941 1199 1017 quod
1218 941 1281 1000 eius
1300 941 1401 1017 prima

226 1021 353 1112 verbuss)
373 1030 522 1090 contraria
541 1033 611 1089 sunt
630 1030 681 1104 eis,
700 1049 776 1105 quae
795 1030 923 1106 legimus
943 1031 998 1108 381
1018 1033 1049 1088 04
1068 1032 1133 1108 40,.

314 1118 470 1179 Habemus
489 1138 560 1196 ergo
576 1123 641 1178 octo
656 1119 802 1194 epistulas
821 1122 910 1178 antea
928 1119 1063 1196 reiectas,
1080 1135 1159 1178 nunc
1178 1121 1325 1195 receptas:
1347 1121 1401 1194 30,

199 1206 202 1211 ’
227 1210 278 1285 32,
298 1211 348 1283 34,
369 1210 420 1282 35,
440 1211 491 1282 36,
512 1211 563 1285 37,
581 1211 634 1285 42,
654 1210 705 1268 50.

316 1297 429 1357 Contra
448 1298 603 1357 simulatas
623 1315 687 1356 esse
705 1297 766 1356 iam
785 1296 846 1356 dixi
864 1298 917 1373 44,
936 1297 988 1373 45,
1007 1298 1058 1367 47,
1078 1298 1131 1373 48,
1150 1297 1201 1356 49.

315 1387 360 1446 De
380 1407 426 1463 ep.
441 1389 481 1447 41
503 1387 665 1463 quidquam
688 1387 797 1445 certius
821 1386 973 1445 affirmare
995 1404 1054 1445 non
1077 1387 1182 1445 audeo.
1218 1385 1274 1444 Est
1296 1388 1402 1445 tamon

226 1477 305 1535 inter
322 1476 576 1551 praeclarissimas
596 1479 626 1535 et
645 1476 751 1534 ardore
770 1475 900 1551 quodam
914 1475 1006 1533 animi
1021 1475 1148 1549 scriptor
1161 1493 1196 1533 ea
1210 1476 1412 1535 commendat·
1466 1552 1469 1556 Δ

226 1568 257 1625 04
275 1564 379 1624 100404
397 1565 523 1625 00410010
542 1568 639 1624 000400
659 1565 791 1625 divinam
803 1565 866 1624 vim
880 1567 970 1640 atque
984 1564 1137 1641 virtutem,
1156 1567 1190 1624 ut
1209 1563 1258 1624 vix
1277 1565 1403 1624 credam

226 1655 291 1714 siue
310 1658 391 1714 certo
410 1655 532 1715 consilio
552 1672 616 1713 eam
637 1672 701 1713 esse
721 1653 875 1732 scriptam,
899 1653 952 1713 sed
975 1672 1086 1730 magna
1108 1671 1176 1712 eum
1194 1656 1259 1713 arte
1278 1672 1402 1729 compo-

226 1744 315 1802 sitam
334 1746 368 1803 ut
387 1745 620 1814 clausulaesset
638 1744 727 1802 huius
747 1743 824 1802 libri.

207 1859 209 1864 ·
319 1832 354 1890 ln
374 1833 499 1893 eandem
514 1833 692 1892 sententiam
706 1832 814 1891 inclino
829 1833 967 1907 quotiens
981 1832 1103 1908 perlego
1118 1831 1278 1907 epistulam
1294 1833 1347 1906 52,
1367 1834 1404 1890 04

226 1922 345 1981 credam
363 1922 440 1981 hanc
459 1922 536 1981 sicut
553 1924 594 1982 41
617 1940 651 1981 eo
671 1922 769 1980 animo
788 1938 853 1981 esse
873 1921 977 1980 statim
996 1920 1206 1995 conscriptam,
1231 1923 1265 1978 ut
1287 1920 1317 1978 in
1341 1920 1403 1980 fine

225 2012 320 2071 totius
339 2010 471 2086 corporis
489 2015 658 2087 poneretur.
691 2009 867 2070 Ostenditur
886 2010 964 2069 enim
984 2028 1027 2087 00,
1047 2027 1105 2085 qua
1122 2009 1172 2069 010
1190 2009 1403 2084 perveniamus

227 2101 264 2159 ad
284 2100 462 2176 sapientiam
480 2104 511 2160 et
529 2119 617 2177 quem
636 2099 825 2175 potissimum
844 2099 990 2176 eligamus
1009 2099 1122 2176 ducem,
1145 2101 1180 2157 ut
1198 2099 1292 2158 totius
1310 2099 1402 2158 volu-

228 2188 315 2249 minis
335 2208 451 2248 summa
469 2190 517 2249 his
535 2189 647 2249 litteris
667 2189 707 2248 sit
725 2189 847 2248 inclusa.

315 2279 417 2338 Etiam
445 2297 490 2354 00.
512 2280 567 2352 46,
593 2297 653 2354 qua
677 2278 790 2337 Seneca
815 2277 939 2337 summis
967 2276 1108 2336 laudibus
1136 2276 1269 2336 cumulat
1291 2276 1405 2336 Lucilii

226 2367 347 2444 librum,
366 2371 469 2426 utrum
487 2386 560 2427 rere
583 2368 623 2426 sit
641 2368 770 2442 epistula
788 2385 826 2424 an
845 2365 915 2425 ficta
932 2367 1080 2425 incertum
1100 2367 1154 2443 est,
1174 2367 1230 2424 etsi
1248 2366 1304 2425 hoe
1322 2367 1404 2426 0001-

227 2456 354 2517 similius
373 2456 502 2517 videtur.
537 2457 572 2516 Id
595 2476 689 2514 unum
712 2474 766 2531 pro
790 2457 871 2514 certo
894 2455 1053 2531 contendo,
1077 2454 1140 2514 0100
1162 2455 1219 2514 500
1238 2455 1300 2515 0100
1323 2455 1405 2513 11104

228 2546 403 2619 statuimus,
429 2548 460 2605 in
485 2548 565 2606 hunc
588 2544 721 2607 ordinem
745 2562 811 2603 eam
835 2562 899 2603 esse
922 2546 1072 2618 receptam
1096 2547 1132 2602 ut
1149 2541 1257 2602 Lucilii
1279 2543 1405 2604 laudem

226 2635 354 2710 posteris
380 2637 542 2694 nuntiaret.
587 2635 776 2710 Argumento
803 2633 882 2692 enim
908 2652 927 2691 0
952 2633 1059 2691 0040010
1087 2636 1133 2691 004
1160 2632 1345 2692 alienissima
1371 2637 1406 2692 04

227 2723 335 2783 mirum
355 2727 499 2800 quantum
518 2743 553 2783 00
570 2723 713 2783 turbatur
730 2742 831 2782 rerum
851 2723 929 2782 ordo.
968 2720 1085 2796 Scripta
1102 2739 1173 2781 0000
1193 2721 1312 2782 0140400
1330 2726 1405 2797 0004

230 2815 346 2873 1-29.
375 2813 453 2872 Nam
464 2815 488 2873 si
504 2816 591 2873 antea
605 2813 666 2871 iam
679 2811 864 2873 laudavisset
873 2811 986 2870 Seneca
999 2811 1109 2869 librum
1123 2811 1218 2888 illum,
1234 2830 1294 2872 non
1303 2810 1404 2886 01400,

227 2921 280 2962 000
298 2921 357 2961 000
375 2902 406 2961 10
424 2903 519 2978 primo
538 2904 598 2962 iam
617 2919 739 2976 corpore
758 2901 835 2960 hanc
852 2900 972 2959 laudem
989 2898 1131 2975 posuerit

227 3179 314 3218 0000
333 3177 402 3231 opus
419 3177 454 3216 00.
492 3177 539 3231 000
562 3177 623 3216 cum
645 3162 773 3216 01410000
795 3161 913 3215 indolem
936 3158 1114 3215 4000101001
1131 3175 1244 3214 00000
1262 3163 1287 3213 04
1304 3159 1404 3214 00500-

229 3239 303 3289 40400
329 3251 403 3300 0000,
431 3234 530 3288 addidi
551 3234 675 3287 04100400
698 3249 747 3288 000
764 3234 833 3288 40040
851 3233 893 3287 ire
907 3247 1008 3300 000000
1026 3247 1100 3297 sum,
1111 3291 1114 3300 ,
1125 3231 1172 3284 sed
1194 3231 1309 3284 cubiade
1331 3232 1404 3286 inci-

228 3307 287 3359 4004
304 3322 328 3374 0.
342 3321 364 3358 0.
402 3311 463 3374 35,.·
488 3304 556 3358 Cara
575 3310 599 3358 40
617 3310 674 3358 tam
692 3305 770 3359 ualde
788 3319 853 3374 0000
871 3304 1037 3358 0404οἀ000.
1074 3306 1134 3371 3⁷1³
1155 3301 1234 3371 Quod
1251 3301 1405 3356 0000100000

227 3378 369 3432 circulum
391 3381 429 3430 004
451 3376 488 3430 ud
517 3377 615 3430 bocum
642 3380 768 3443 meatem,
795 3375 948 3444 promisisti
974 3375 1064 3428 00000
1092 3374 1205 3427 500000.-
1232 3379 1405 3428 sumomonte

228 3453 342 3517 0000400
360 3464 394 3502 00.
431 3447 562 3501 Fortasse
587 3448 680 3514 erunt,
706 3447 808 3515 quibus
826 3445 957 3501 videatur
976 3442 1081 3499 Seneca
1102 3442 1215 3497 linxisse
1233 3444 1285 3497 has
1303 3445 1405 3498 cohor·

228 3520 363 3587 tationes,
392 3521 423 3572 ut
456 3518 599 3572 simularet
626 3514 667 3571 eis
698 3517 765 3586 ipsis
791 3517 939 3574 incitatum
963 3515 1100 3569 Lucilium
1131 3513 1280 3583 arripuisse
1309 3514 1403 3583 philo·

228 3591 343 3660 sophiae
367 3586 493 3644 studium
519 3604 608 3656 eoque
632 3588 794 3643 ostenderet
818 3587 1042 3643 exhortationum
1061 3585 1117 3640 vim
1142 3585 1313 3652 universam,
1339 3601 1404 3640 cum

229 3679 271 3730 ep.
288 3668 322 3715 34
350 3661 392 3715 ita
420 3657 554 3730 respiciat
581 3658 792 3714 exhortationes
815 3658 1026 3724 antecedentes,
1050 3658 1196 3726 tamquam
1221 3657 1304 3710 finem
1327 3674 1404 3712 nunc

230 3735 267 3787 sit
293 3733 419 3786 facturus
448 3730 613 3787 exhortandi
632 3731 724 3786 amico
746 3730 820 3785 inter
843 3729 999 3799 0001004100
1031 3729 1170 3782 studiosos
1197 3730 1317 3796 recepto.
1365 3727 1406 3782 At

231 3820 326 3858 omnes
354 3801 419 3857 illas
446 3801 583 3871 epistulas
613 3800 697 3857 etiam
727 3801 791 3855 aliis
820 3802 854 3856 de
883 3798 974 3855 causis
1002 3798 1187 3854 indicavimus
1215 3815 1275 3852 esse
1299 3797 1404 3866 1004000

230 3875 330 3930 401040
356 3873 432 3928 10404
460 3873 483 3927 01
508 3890 537 3927 00
562 3889 629 3928 0000
653 3872 753 3928 1010004
777 3873 898 3928 Senecae
924 3871 1084 3939 consilium,
1113 3869 1328 3939 0034101100
1352 3875 1406 3926 aut

228 3947 312 4015 primi
342 3947 392 3999 aut
418 3944 533 4000 secundi
557 3943 679 4013 corporis
709 3947 770 3999 0004
796 3944 937 4013 ponenda,
966 3941 1086 4012 denique
1113 3959 1170 3996 non
1199 3943 1275 3996 certo
1305 3939 1405 3996 ordine

229 4017 326 4071 laudes
347 4018 501 4085 sequuntur
520 4016 742 4084 exhortationes,
768 4017 816 4070 sed
839 4019 975 4083 utraeque
997 4013 1071 4068 inter
1089 4030 1118 4068 se
1137 4013 1247 4066 mixtae
1261 4012 1404 4081 leguntur.

230 4089 284 4145 cfr.
305 4106 346 4158 ep.
363 4094 414 4158 8,.

304 4162 329 4230 1)
348 4129 404 4230 32,⁰
420 4160 540 4228 Inquiro
564 4160 596 4212 ic
618 4164 643 4213 ie
665 4164 690 4213 04
713 4160 747 4213 05
771 4157 897 4212 omuibus
920 4157 1056 4224 0010014οο,
1084 4157 1133 4224 004
1157 4171 1191 4210 er
1216 4156 1271 4209 1040
1295 4157 1406 4224 0001000

229 4233 356 4297 ueniunt,
374 4233 441 4300 quid
460 4246 541 4301 0000,
564 4231 613 4285 050Ι
631 4236 657 4284 04
674 4247 735 4285 0000
753 4231 852 4300 001500
870 4229 982 4283 moreris
1002 4267 1052 4282 ...
1071 4227 1142 4281 01541
1160 4227 1258 4293 audio,
1278 4226 1406 4296 plerique

127 4302 133 4310 “
230 4321 263 4358 00
281 4305 338 4368 his,
361 4319 427 4371 0000
446 4304 597 4371 10400000,
622 4303 747 4356 nesciuit
764 4302 833 4371 quid
850 4316 926 4368 0000.
963 4297 1109 4369 (0104330
1140 4298 1183 4353 Το
1199 4298 1324 4351 caucin
1337 4314 1405 4367 pro-

230 4375 339 4442 cicciu,
367 4375 427 4428 licet
454 4379 609 4428 0004000000
631 4374 688 4441 ipse
712 4378 749 4438 40,
776 4387 892 4442 000000
915 4387 950 4425 00.
982 4371 1050 4440 quid
1072 4387 1153 4440 0000,
1180 4370 1406 4438 quemadmodum

232 4463 333 4513 000000,
351 4445 717 4514 00000040040004000100,
736 4444 889 4513 quaeritur,
906 4443 1013 4509 scitur.)
1027 4441 1060 4495 de
1075 4447 1119 4511 34,
1137 4439 1185 4495 cfr.
1200 4455 1285 4508 supra
1299 4456 1326 4508 p.
1342 4446 1405 4496 60‘1.

305 4522 332 4586 2)
352 4516 718 4586 14040401004000000001
731 4520 796 4584 0004
812 4515 911 4570 multos
928 4529 1039 4579 0000000,
1056 4530 1137 4583 00000
1155 4512 1223 4566 miii
1240 4511 1361 4566 00100000.
