2934 4966
313 333 354 386 De
374 332 403 386 L.
425 332 532 387 Annaei
550 332 672 388 Senecae
691 333 820 402 epistulis
840 334 1000 389 moralibus.
1176 333 1240 408 627

61 503 183 574 vatum,
204 501 306 560 statim
322 501 520 574 erediderunt,
539 501 668 577 reliquos
683 521 786 561 omnes
800 502 879 561 iusto
894 501 1037 577 temporis
1055 501 1158 562 ordine
1177 521 1241 562 esso

61 591 221 663 collectas,
239 591 367 666 indeque
388 591 575 667 singularum
593 594 730 666 tempora
749 593 906 650 enucleare
926 595 996 650 sunt
1015 592 1123 668 conati,
1141 593 1242 668 negle-

64 682 190 755 genteS,
216 679 286 738 solis
305 680 376 738 anni
393 680 580 755 temporibus
599 681 772 740 memoratis
792 681 911 740 omnino
931 680 1005 738 nihil
1024 681 1061 739 de
1079 700 1157 739 anno
1175 681 1241 756 ipso

62 786 157 842 posse
172 769 314 826 coust‘tui
328 771 359 826 et
373 773 474 828 tamen
488 788 711 845 nonnumquam
726 768 858 830 ordinem
873 769 967 830 videri
987 789 1052 829 esse
1067 773 1242 845 corruptum

64 849 130 940 (ep.
148 860 198 916 70.
217 849 282 938 75).

160 946 413 1021 Argumentorum
434 967 505 1007 vero
525 951 555 1007 et
574 949 791 1007 sententiarum
814 966 955 1007 conexum
978 947 1094 1023 priores
1117 967 1241 1024 prorsus

63 1036 277 1112 neglexerunt,
295 1037 456 1095 Martens
476 1038 507 1095 et
526 1035 716 1096 Schultess
735 1056 840 1113 parum
859 1040 1063 1112 respexerunt.

158 1124 294 1200 Denique
312 1145 393 1202 cum,
417 1126 483 1201 quis
502 1125 648 1201 epistulas
667 1126 821 1202 edidisset,
845 1128 1037 1202 quaererent,
1060 1127 1091 1183 in
1110 1126 1238 1184 eundem

64 1213 142 1287 sere,
163 1233 250 1289 quem
264 1214 351 1273 modo
367 1215 553 1290 reprehendi,
571 1215 739 1274 inciderunt
758 1233 898 1289 errorem,
917 1218 953 1273 ut
971 1216 1007 1274 de
1022 1215 1158 1275 omnibus
1173 1233 1241 1274 con-

64 1301 195 1360 iunctim
214 1303 394 1362 sententiam
414 1304 492 1362 ferre
511 1307 699 1377 conarentur,
724 1323 789 1364 cum
809 1305 926 1362 facilius
946 1324 1000 1379 per
1017 1307 1117 1379 partes
1136 1322 1239 1379 perve-

63 1391 172 1449 niatur
190 1391 228 1449 ad
246 1394 353 1450 totum.
390 1392 468 1450 Nam
491 1393 515 1450 si
540 1394 706 1468 complures
730 1412 847 1468 semper
870 1409 932 1452 non
954 1397 1072 1452 tantum
1094 1393 1240 1468 epistulae

67 1481 122 1539 sed
141 1480 210 1538 libri
230 1480 275 1539 ita
297 1481 469 1557 cohaerent,
492 1486 526 1539 ut
546 1485 691 1558 appareat
709 1486 808 1541 certus
828 1482 1043 1542 sententiarum
1062 1501 1241 1558 progressus

65 1569 248 1645 singulaque
268 1569 435 1628 efficiantur
455 1589 579 1646 corpora
598 1590 652 1646 per
671 1590 702 1629 se
721 1572 869 1647 absoluta,
889 1572 960 1647 quid
979 1574 1026 1631 est
1039 1571 1242 1648 verisimilius,

65 1677 158 1734 quam
174 1677 209 1716 ea
228 1659 357 1718 alterum
372 1663 441 1734 post
455 1661 585 1719 alterum
600 1679 617 1718 a
632 1659 744 1719 Seneca
762 1661 827 1737 ipso
846 1678 911 1719 esse
929 1660 1091 1739 publicata,
1110 1661 1243 1718 utnulla

63 1749 225 1806 remaneat
243 1747 391 1806 dubitatio
410 1748 468 1807 nisi
487 1750 523 1806 de
542 1749 649 1807 ultimo
668 1748 841 1809 volumine?

157 1835 286 1895 Videtur
300 1836 394 1913 igitur
409 1837 483 1895 mihi
496 1856 575 1898 nova
589 1838 638 1897 via
657 1856 722 1897 esse
737 1837 931 1915 ingredienda
945 1841 976 1897 et
990 1839 1126 1914 singulae
1142 1838 1242 1914 singu-

63 1926 167 1984 lorum
181 1926 368 1985 voluminum
388 1927 534 2001 epistulae
553 1931 690 1986 accurate
709 1927 950 2004 pertractandae,
969 1931 1004 1985 ut
1021 1927 1241 2004 intellegamus,

62 2033 213 2090 quasnam
235 2033 334 2091 veras,
359 2034 432 2090 quas
456 2015 541 2074 fictas
565 2035 685 2075 necesse
709 2018 749 2076 sit
771 2019 924 2092 putemus,
950 2015 1057 2074 deinde
1080 2035 1097 2074 e
1122 2020 1240 2076 seuten-

62 2104 179 2162 tiarum
199 2122 310 2162 conexu
331 2104 579 2181 concludendum,
603 2124 679 2180 quae
704 2106 806 2166 divelli
828 2107 992 2181 nequeant,
1015 2105 1240 2179 anquirendum,

61 2212 138 2250 num
164 2192 332 2251 certamin
356 2193 530 2268 colligendis
557 2193 788 2270 ordinandisque
813 2194 940 2269 scriptor
968 2196 1088 2252 secutus
1112 2194 1151 2252 sit
1174 2214 1240 2253 con-

62 2281 183 2353 silium,
207 2281 383 2359 videndum,
409 2281 461 2340 ubi
479 2283 517 2340 ad
536 2282 624 2342 finem
644 2284 790 2359 perducta
809 2284 849 2343 sit
867 2283 1011 2359 cuiusque
1029 2283 1123 2358 partis
1142 2285 1241 2359 dispu-

61 2369 151 2428 tatio.
185 2370 336 2446 Utrasque
356 2371 442 2443 enirn,
462 2390 549 2431 veras
568 2376 600 2431 et
618 2372 704 2432 fictas
723 2373 868 2448 epistulas
888 2373 938 2432 rix
957 2373 1033 2431 alius
1053 2373 1097 2430 ita
1114 2373 1240 2431 miscere

23 2460 180 2536 ‘·potuit,
204 2462 238 2517 ut
257 2465 501 2536 argumentorum
520 2461 619 2520 iustus
639 2462 711 2520 ordo
731 2466 812 2521 esset
830 2461 1020 2536 conspicuus,
1042 2460 1100 2519 nisi
1119 2460 1240 2539 Seneca,

60 2567 163 2623 neque
182 2547 242 2606 aiio
262 2549 393 2623 consilio,
412 2548 470 2607 nisi
484 2552 519 2608 ut
534 2549 643 2622 ederet,
663 2568 759 2626 nequo
773 2549 936 2611 verisimile
952 2553 1007 2625 est,
1025 2569 1117 2607 unum
1132 2568 1239 2626 corpus

60 2640 130 2696 tam
149 2637 199 2694 diu
221 2655 285 2696 esse
305 2640 465 2710 retentum,
484 2642 644 2714 postquam
663 2639 828 2699 confectum
844 2642 897 2711 est,
917 2639 1009 2697 donec
1021 2641 1074 2698 'tot
1092 2639 1152 2697 alia
1170 2658 1240 2698 con-

60 2726 234 2784 ficerentur.
265 2727 342 2784 Turn
361 2727 482 2785 tandem
497 2729 598 2804 exeis,
617 2747 694 2803 quae
712 2729 923 2804 invenerimus,
942 2730 1110 2802 temporum
1124 2728 1240 2788 indiciis

62 2815 126 2873 erit
145 2816 347 2890 statuendum,
366 2818 436 2874 ante
455 2817 533 2891 quod
552 2820 671 2892 tempus
690 2818 721 2875 in
739 2818 892 2894 publicum
911 2817 1030 2892 prodire
1046 2816 1164 2893 singula
1178 2836 1240 2877 cor·

59 2921 140 2980 pora
158 2923 216 2964 uon
235 2905 395 2980 potuerint.

155 2993 225 3051 Non
238 2993 352 3070 ignoro,
372 2995 498 3052 arduum
513 3014 560 3053 me
575 2994 699 3070 adgredi
712 3014 785 3070 opus
800 2996 875 3055 etin
889 3013 948 3070 quo
963 2993 1082 3070 saepius
1097 2995 1239 3053 fallamur
1312 3036 1316 3049 ,

58 3099 188 3141 necesse
207 3082 255 3143 sit.
294 3083 352 3142 Sed
372 3101 438 3142 cum
457 3083 583 3142 aliorum
604 3103 693 3160 quam
715 3086 801 3160 potui
823 3087 960 3144 accurate
979 3084 1154 3159 percensitis
1174 3103 1237 3143 sen-

59 3171 168 3229 tentiis
184 3172 260 3230 hauc
270 3171 350 3231 viam
365 3175 478 3231 rectam
493 3191 641 3249 unamque
655 3174 801 3248 reliquam
817 3192 882 3233 esse
896 3174 1111 3249 cognovissem,
1126 3173 1238 3232 credidi

60 3278 132 3318 eam
147 3278 212 3319 esse
227 3261 432 3336 temptandam
447 3263 477 3320 et
491 3261 515 3319 si
531 3279 635 3322 verum
650 3265 705 3339 est,
715 3263 794 3338 quod
809 3263 925 3340 dicitur,
943 3262 1102 3321 audentem
1117 3262 1238 3321 fortuna

57 3348 188 3409 iuvabit.
222 3412 225 3416 ⁸

153 3437 287 3513 Longius
306 3439 450 3515 sortasse,
470 3458 559 3515 quam
577 3459 632 3515 par
651 3442 710 3513 est,
731 3440 909 3517 quibusdam
927 3441 1050 3500 videbor
1069 3441 1237 3501 extendisse

58 3527 140 3585 hanc
159 3526 195 3585 de
215 3526 348 3603 priorum
374 3528 531 3587 sententiis
551 3529 795 3604 disputationem.
833 3530 890 3590 Sed
913 3530 1031 3606 putari,
1055 3529 1113 3588 nisi
1135 3531 1236 3606 pravis

60 3615 254 3691 opinionibus
274 3616 410 3676 funditus
430 3618 540 3676 evulsis
558 3617 590 3676 iu
608 3617 724 3679 lubrico
743 3638 870 3679 maesse
888 3618 1123 3692 aedificaturum,
1142 3638 1236 3695 eoquo

58 3704 183 3764 nomine
193 3723 280 3781 spero
291 3705 380 3765 facile
389 3705 507 3766 veniam
516 3725 565 3765 me
576 3725 641 3766 esse
651 3708 1098 3785 impetraturumalegontibus.
1121 3707 1235 3767 Deinde

59 3793 261 3870 commodius,
284 3813 360 3869 quae
380 3797 556 3873 sequentur,
580 3796 727 3871 explicare
745 3800 863 3874 potero,
889 3817 947 3858 non
971 3796 1097 3857 subinde
1116 3800 1235 3857 coactus

59 3883 196 3960 priorum
215 3883 353 3943 refellere
372 3903 496 3944 errores.

104 3965 106 3970 ’
151 3971 331 4048 ›Significavi
344 3975 374 4030 in
389 3977 491 4048 partes
509 3976 604 4032 totum
622 3974 822 4051 epistularum
832 3993 938 4051 corpus
953 3993 1018 4034 esse
1033 3975 1235 4034 scindendum.

60 4061 134 4120 Non
152 4060 268 4136 primus
288 4062 344 4120 hoc
358 4062 428 4137 vidi,
447 4063 498 4121 sed
519 4066 707 4140 cpp.1—29
727 4083 819 4123 uuum
839 4063 916 4123 effici
935 4082 1042 4139 corpus
1060 4083 1115 4140 per
1133 4083 1165 4123 se
1184 4066 1235 4123 ab·

60 4151 198 4211 solutum
221 4150 281 4209 iarn
305 4151 448 4226 suspicati
472 4154 542 4211 sunt
560 4150 679 4226 Ionas,
703 4152 876 4226 Martens,
901 4153 1088 4213 Schultess
1111 4156 1235 4229 propter

59 4238 308 4316 philosophorum
329 4239 493 4299 sententias
513 4240 639 4317 singulis
663 4241 808 4317 adiectas,
830 4242 888 4301 etsi
911 4243 1008 4320 magis
1033 4242 1140 4301 idonea
1158 4243 1235 4303 desi·

60 4327 169 4388 derasi
187 4331 372 4406 argumenta.
411 4327 525 4388 Deinde
544 4324 784 4412 Schultess¹),
809 4349 989 4408 quamquam
1012 4350 1071 4390 non
1094 4335 1233 4391 accurate

134 4518 161 4584 1)
179 4515 197 4571 l.
212 4515 231 4571 l.
249 4533 277 4585 p.
292 4520 334 4571 34.
