2934 4966
549 1137 790 1214 Praefatio:

617 1283 724 1291 ---

173 1375 316 1435 Perlectis
331 1374 460 1434 Senecae
477 1374 614 1451 epistulis
631 1374 683 1432 diu
702 1374 738 1433 de
758 1392 861 1433 earum
878 1375 988 1431 natura
1007 1375 1098 1448 atque
1117 1373 1260 1448 composi-

81 1464 162 1522 tione
182 1465 345 1524 meditatus
370 1463 568 1540 editionisque
590 1468 710 1539 tempus
734 1463 891 1522 enucleare
915 1465 1038 1522 conatus
1062 1479 1128 1520 cum
1151 1481 1260 1538 cogno-

82 1572 196 1617 scerem
211 1573 247 1613 ex
263 1554 409 1632 omnibus,
420 1555 471 1631 qui
487 1553 598 1613 eisdem
613 1553 649 1612 de
664 1553 754 1626 rebus
770 1553 962 1627 scripserunt,
972 1551 1123 1610 neminem
1135 1570 1258 1627 prorsus
1299 1569 1302 1574 ·

81 1661 197 1702 mecum
209 1643 386 1720 consentire,
399 1644 470 1719 quin
481 1644 555 1701 adeo
565 1645 731 1718 plerosque,
740 1642 795 1700 has
806 1660 872 1700 cum
882 1643 1048 1700 tractarent
1058 1642 1259 1718 quaestiones,

39 1765 41 1771 ι
82 1733 172 1808 longe
183 1733 244 1790 alia
252 1733 303 1792 via
315 1751 380 1791 esse
394 1750 579 1808 progressos,
592 1731 729 1790 nolebam
741 1733 845 1790 contra
859 1732 905 1789 tot
914 1729 994 1789 viros
1006 1747 1115 1806 cosque
1125 1730 1258 1790 doctissi-

83 1839 147 1880 mos
168 1822 198 1879 in
217 1823 310 1880 aciem
330 1822 517 1881 descendere.
555 1821 613 1880 Sed
636 1821 746 1879 iterum
770 1823 861 1894 atque
883 1819 994 1877 iterum
1016 1820 1095 1894 ipsas
1114 1819 1258 1894 epistulas

83 1912 114 1967 et
128 1911 294 1968 recentium
309 1912 345 1969 de
361 1911 403 1970 eis
418 1911 684 1970 commentationes
698 1912 914 1985 perscrutatus,
923 1927 990 1967 mea
997 1909 1095 1983 ipsius
1111 1909 1260 1968 sententia

83 1998 245 2074 diligenter
264 2001 441 2073 examinata,
461 2019 528 2059 cum
547 1999 622 2058 mihi
635 1999 753 2058 viderer
772 1998 863 2057 etiam
877 2000 947 2072 post
960 1996 1028 2057 illos
1043 1997 1157 2073 aliquid
1170 2016 1259 2072 posse

82 2088 218 2148 conferre
246 2090 283 2146 ad
311 2089 395 2148 litem
423 2088 658 2163 diiudicandum,
687 2088 760 2147 haec
788 2086 959 2162 conscripsi.
1007 2088 1106 2162 Atque
1129 2105 1166 2145 ne
1192 2087 1258 2162 quis

81 2180 213 2253 putaret,
233 2178 430 2255 neglegenter
448 2197 496 2237 me
510 2177 669 2237 accessisse
684 2177 719 2234 ad
736 2177 834 2253 ipsam
849 2176 1092 2252 disputationem,
1112 2176 1153 2234 sic
1168 2194 1258 2252 agen·

82 2265 153 2323 dum
173 2285 238 2325 esse
259 2267 423 2325 arbitratus
444 2285 518 2344 sum,
538 2270 573 2325 ut
586 2267 726 2342 primum,
745 2284 822 2341 quae
842 2265 956 2340 priores
972 2265 1149 2342 attulerunt,
1169 2284 1257 2341 argu·

81 2357 183 2412 menta
201 2359 339 2415 accurate
356 2375 578 2430 percenserem,
602 2355 708 2414 deinde
727 2356 867 2414 refutatis
887 2373 990 2413 eorum
1009 2354 1160 2413 erroribus
1180 2372 1258 2413 nova

81 2443 131 2500 via
149 2444 266 2504 munita
284 2447 404 2520 proprio
425 2446 522 2503 Marto
542 2444 744 2517 ostenderem,
768 2444 800 2502 L.
820 2443 937 2501 Annaei
957 2443 1085 2501 Senecae
1109 2443 1258 2518 epistulae

81 2533 210 2592 morales
230 2551 288 2609 quo
308 2534 411 2592 ordine
431 2537 461 2593 et
480 2553 538 2610 quo
557 2537 692 2608 tempore
717 2535 818 2592 essent
842 2533 970 2607 scriptas
989 2532 1131 2591 collectae
1151 2532 1257 2592 editae.

466 2874 491 2943 Ι.
524 2874 678 2944 Priorum
701 2873 874 2944 refutatio.

171 3031 215 3089 Ac
231 3033 361 3108 primum
376 3034 495 3109 quidem
510 3034 613 3092 Iustus
627 3027 818 3110 Lipsius,
835 3036 870 3091 ut
883 3035 949 3091 erat
963 3051 1079 3092 summa
1094 3031 1194 3091 iudicii
1205 3052 1256 3093 'sa-

84 3119 224 3195 gacitate,
240 3140 307 3180 cum
323 3121 426 3181 ederet
440 3121 567 3182 Senecae
581 3123 684 3199 libros,
698 3123 729 3181 in
747 3122 920 3182 universum
939 3122 999 3180 iam
1018 3125 1098 3180 recto
1118 3123 1256 3197 cognovit

82 3210 176 3267 totius
192 3210 388 3285 epistularum
402 3212 534 3287 corporis
549 3213 695 3271 rationem
706 3215 796 3287 atque
809 3214 957 3270 naturam.
982 3210 1066 3269 Dixit
1076 3205 1187 3290 enim1)
1197 3231 1257 3271 non

82 3298 226 3373 epistulas
239 3300 293 3358 has
308 3319 382 3377 esse,
392 3302 444 3360 sed
457 3301 620 3360 cotidianos
635 3304 794 3376 conceptus
807 3300 869 3360 sive
881 3297 1087 3375 aelaniticus,
1102 3319 1197 3376 neque
1212 3301 1255 3359 in·

81 3389 163 3461 epte:
184 3387 280 3460 „Est
294 3390 402 3466 inquit,
418 3391 511 3449 silva
525 3389 698 3466 quaedam
713 3410 832 3450 rerum
847 3394 883 3449 et
896 3389 1132 3449 miscellanea
1151 3409 1256 3464 argu-

80 3479 212 3535 menta:
233 3478 711 3554 etsiphilosophiaetamen
725 3480 865 3538 finibus
879 3480 1011 3538 clausa.
1038 3478 1112 3555 Ego
1128 3497 1255 3538 censeo

83 3563 254 3625 Senecam
271 3567 358 3626 haee
377 3568 497 3627 obiter
516 3571 551 3628 et
565 3568 719 3644 carptim
733 3569 941 3646 scripsisse,
959 3586 1023 3644 per
1041 3567 1256 3641 intervalla,

81 3655 286 3731 utquidque
301 3657 499 3716 meditatus
515 3661 593 3716 erat
608 3657 867 3717 autinoidebat
880 3657 975 3716 inter
987 3656 1254 3729 ambulandum,

81 3745 330 3820 exercendum,
344 3747 381 3803 in
394 3746 512 3818 horte,
527 3746 563 3804 in
577 3745 691 3821 domo,
705 3746 740 3805 in
755 3741 877 3806 lecto.“
901 3746 1034 3805 Putabat
1048 3749 1147 3804 autem
1164 3746 1255 3804 otiam

80 3852 168 3892 veras
188 3833 333 3909 epistulas
352 3835 497 3910 quasdam
515 3836 722 3912 intervenisse,
742 3837 794 3895 sed
813 3836 965 3910 quasdam.
1002 3834 1134 3911 Negavit
1152 3854 1254 3894 omnes

80 3922 177 3982 iustas
196 3941 261 3982 esse
280 3926 312 3982 ot
325 3923 445 3984 assidue
460 3925 502 3985 sio
515 3925 631 3985 missas.
660 3923 782 3984 Certum
802 3924 956 3999 scriptoris
974 3924 1006 3982 in
1025 3923 1196 3983 ordinandis
1212 3925 1254 3984 eis

80 4012 237 4070 consilium
256 4031 314 4071 non
333 4013 455 4073 invenit.

169 4101 301 4161 Protulit
319 4102 396 4161 hanc
411 4104 600 4179 sententiam,
618 4123 715 4179 neque
729 4123 800 4163 vero
819 4102 1005 4178 argumentis
1024 4102 1163 4162 firmavit.
1197 4103 1252 4160 Re·

79 4189 168 4264 liquit
192 4190 287 4266 igitur
311 4192 398 4250 nobis
423 4193 506 4250 illam
532 4211 667 4268 operam,
692 4195 728 4251 ut
751 4193 957 4269 anquiramriS‚
980 4212 1050 4252 num
1078 4193 1159 4250 recte
1178 4192 1254 4250 iudi-

78 4279 199 4338 caverit.

151 4470 178 4538 1)
197 4469 240 4523 ed.
258 4467 306 4523 ΙΙΙ.
328 4470 411 4523 Antv.
433 4474 510 4522 1632.
539 4469 626 4537 prael.
646 4470 682 4524 ad
702 4485 764 4539 epp.
783 4487 813 4538 p.
828 4474 889 4524 385.

1000 4557 1037 4611 1*
