2934 4966
143 332 210 394 614
565 331 701 386 Henricus
720 331 894 402 Hilgenfeld:

231 499 350 558 Primus
369 500 425 559 hoc
443 503 568 558 conatus
588 502 634 559 est
647 493 694 560 H.
709 493 921 560 Lehmann
932 495 970 582 ¹),
991 503 1042 577 qui
1056 504 1130 562 illud
1145 524 1269 581 quoque
1284 507 1325 565 ab

143 588 256 648 Heasio
274 590 400 663 recepit,
425 588 520 647 editas
544 607 609 649 esse
634 591 778 664 epistulas
802 594 872 666 post
891 590 1020 651 Senecae
1043 601 1178 652 mortem.
1216 597 1324 672 Atque

142 678 307 736 rectissime
327 679 465 753 cognovit
484 697 528 753 ep.
545 681 579 753 8,
603 678 656 737 ubi
675 679 785 738 Seneca
804 680 858 738 otii
882 681 928 739 sui
951 681 1063 741 faceret
1086 684 1273 742 mentionem
1285 677 1324 765 ²),

142 767 173 824 in
192 768 271 842 quod
291 786 322 825 se
341 767 454 842 recepit
473 785 551 826 anno
572 770 623 844 62,
647 787 707 827 non
733 772 803 827 ante
826 769 911 826 illum
936 788 1045 828 annum
1063 773 1198 847 potuisse
1220 774 1324 834 scribi.

142 856 259 915 Deinde
283 875 349 914 cum
372 857 489 931 legeret
512 876 557 931 ep.
578 859 616 916 91
644 858 826 932 descriptum
849 858 1018 917 incendium
1041 859 1181 936 Lugduni
1203 862 1323 921 factum

142 937 367 1024 annositati)
387 964 442 1020 per
459 946 513 1005 hos
532 950 594 1004 tres
613 964 707 1005 annos
723 949 853 1006 62—65
875 967 975 1007 omnes
995 949 1150 1008 distribuit
1169 950 1322 1025 epistulas

143 1035 305 1093 secundum
325 1037 395 1092 anni
415 1037 582 1109 temporum
597 1036 709 1094 factam
723 1036 913 1095 mentionem.
947 1037 1080 1113 Scriptae
1100 1058 1171 1114 ergo
1191 1045 1266 1099 sunt
1285 1061 1323 1100 ex

143 1124 309 1183 Lehmanni
328 1124 563 1199 computatione:

236 1215 342 1272 1-18
367 1216 436 1271 ante
454 1213 650 1271 Decembrem
669 1231 695 1271 a.
712 1214 762 1271 62.
782 1205 853 1293 (18l
873 1215 1029 1274 December
1048 1221 1089 1275 est
1105 1209 1238 1298 mensis.)

234 1304 362 1361 19—23
382 1305 452 1360 ante
471 1322 524 1362 ver
541 1321 567 1360 a.
584 1303 634 1362 63.
660 1295 730 1382 (231
750 1303 843 1362 Putas
855 1321 901 1362 me
915 1306 966 1363 tibi
979 1308 1157 1379 scripturum
1231 1325 1323 1380 quam

142 1393 302 1465 mulionum
319 1409 369 1449 rer
386 1387 448 1470 sit.)

233 1482 363 1540 24-67
385 1484 455 1540 ante
473 1499 526 1540 ver
545 1498 570 1538 a.
587 1482 636 1540 64.
657 1471 725 1560 (671
753 1481 809 1539 Ver
827 1485 941 1555 operire
958 1500 989 1542 se
1008 1475 1118 1565 coepit.)

235 1571 365 1629 68-86
385 1571 456 1628 ante
474 1569 592 1627 Iunium
612 1588 639 1629 a.
655 1570 706 1628 64.
726 1561 809 1648 (8616
828 1572 937 1630 Iunius
954 1575 1062 1630 mensis
1080 1570 1142 1651 est.)

231 1661 383 1718 87-122
402 1661 471 1718 ante
483 1657 642 1717 Octobrem
652 1661 736 1718 acl.
746 1651 1125 1738 (1221Detrimentnmiem
1135 1658 1321 1742 diessensit.)

236 1749 298 1807 123
319 1749 350 1806 et
371 1750 435 1807 124
453 1749 533 1806 inter
548 1746 709 1807 Octobrem
728 1767 752 1808 a.
770 1750 810 1807 64
831 1751 862 1807 et
876 1750 1010 1825 Aprilem
1030 1770 1055 1810 a.
1072 1752 1122 1828 65,
1142 1770 1200 1826 quo
1214 1770 1322 1812 mense

142 1839 279 1896 mortuus
304 1840 351 1895 est
374 1829 525 1916 Seneca.⁴)
564 1835 689 1895 Licebat
707 1837 911 1897 Lehmanno
934 1841 979 1897 uti
1002 1840 1048 1898 his
1071 1839 1269 1918 testimoniis,
1294 1842 1320 1900 si

142 1930 231 1985 antea
249 1926 317 2000 aliis
336 1926 521 2000 argumentis
541 1926 738 2003 probavisset,
756 1928 900 2001 temporis
921 1928 1054 1987 ordinem
1070 1947 1135 1987 esse
1154 1934 1320 1989 servatum.

142 2015 223 2073 Anni
237 2016 314 2074 enim
329 2015 387 2090 ipsi
402 2032 565 2090 numquam
578 2014 639 2074 illis
653 2014 725 2073 locis
740 2015 941 2075 nominantur.
970 2017 1083 2076 'lamen
1097 2017 1177 2076 idem
1190 2022 1320 2077 conatur

141 2105 347 2164 demonstrare
370 2122 594 2179 nonnumquam
618 2105 760 2180 temporis
785 2105 919 2163 ordinem
943 2125 1008 2165 esse
1029 2110 1211 2182 corruptum.
1250 2108 1319 2166 Non

141 2193 235 2268 igitur
254 2197 336 2253 certa
354 2193 405 2253 via
423 2197 516 2269 atque
535 2194 649 2252 ratione
668 2212 846 2271 progressus
865 2199 921 2255 est.
951 2196 996 2254 De
1014 2196 1131 2270 reipsa
1149 2197 1217 2254 nolo
1238 2216 1320 2255 nunc

140 2284 201 2341 tarn
221 2281 400 2343 sententiam
419 2282 506 2341 ferre.
544 2281 633 2341 Certe
652 2283 709 2356 eis,
728 2301 804 2358 quae
824 2283 1013 2343 Lehmannus
1033 2285 1153 2362 attulit,
1171 2287 1319 2361 exemplis

140 2371 215 2429 nihil
239 2372 469 2430 demonstratur.
780 2415 783 2424 ,

232 2459 406 2536 SuspIcatur
438 2459 516 2518 enim
550 2479 595 2535 ep.
626 2461 666 2518 14
700 2461 840 2536 scriptam
874 2480 940 2521 esse
975 2464 1044 2537 post
1076 2461 1319 2522 Christianorum

140 2551 313 2610 vexationes
332 2549 489 2608 institutas
509 2568 527 2608 a
544 2549 664 2610 Nerone
682 2569 758 2610 anno
780 2553 830 2610 64.
860 2550 937 2609 Nam
957 2550 1086 2609 Senecae
1104 2552 1204 2609 verbis
1227 2545 1319 2633 145⁵)

142 2640 335 2698 vehementer
362 2638 531 2697 admonitus
559 2643 605 2697 est
633 2639 731 2697 Taciti
756 2640 935 2699 narrationis
961 2641 997 2698 A.
1019 2639 1083 2699 XV.
1104 2632 1188 2722 446)
1231 2641 1318 2708 Quod

214 2811 239 2878 1)
259 2807 423 2877 Philologus
442 2807 506 2861 VIII
524 2827 550 2877 p.
567 2813 680 2863 sar-8.
709 2808 842 2863 Claudius
860 2829 886 2864 u.
906 2810 981 2864 Nero
1000 2809 1013 2862 I
1032 2815 1101 2864 1858
1121 2829 1147 2878 p.
1165 2815 1279 2864 16-17.

213 2884 240 2947 2)
261 2897 304 2950 ep.
320 2885 363 2951 8,:
383 2880 485 2934 Secessi
498 2896 555 2934 non
573 2885 681 2934 tentum
699 2881 734 2934 ab
752 2882 916 2946 bominibus,
935 2883 981 2935 sed
1001 2901 1018 2935 c
1036 2884 1125 2948 rebus,
1143 2886 1168 2934 et
1186 2883 1320 2949 inprimis

142 2971 159 3006 u
178 2953 262 3006 rebus
280 2953 353 3006 meis.

212 3026 240 3091 3)
259 3021 313 3078 cfr.
332 3022 406 3075 infra
422 3040 450 3092 p.
466 3028 579 3077 618-9,

212 3098 240 3162 4)
259 3092 313 3149 (lfr.
333 3109 417 3163 supra
434 3111 461 3162 p.
477 3099 527 3148 602
547 3095 609 3148 adn.
625 3100 651 3148 8.

214 3171 240 3234 5)
258 3168 355 3234 ingens
373 3166 488 3220 alterins
505 3167 572 3220 meli
586 3173 691 3234 pompa
708 3170 754 3220 est.
791 3167 895 3232 ferrum
918 3166 994 3219 eirca
1011 3181 1038 3219 se
1056 3170 1081 3218 et
1099 3167 1175 3234 ignes
1193 3166 1273 3220 lactet
1291 3172 1317 3221 et

141 3243 251 3292 catenus
275 3243 300 3291 et
323 3237 432 3291 turbam
454 3237 591 3305 serarum,
617 3254 698 3306 quum
722 3238 753 3291 in
778 3238 883 3291 m'seerc
906 3237 1029 3290 inmittat
1050 3237 1179 3291 bumana.
1219 3236 1318 3306 Cogita

140 3310 190 3363 boe
215 3310 271 3363 loeo
295 3324 428 3363 carcmem
451 3313 476 3362 et
499 3325 590 3362 cruces
613 3314 638 3363 et
658 3308 761 3362 eculeos
779 3313 804 3361 et
821 3324 923 3362 uncum
941 3313 966 3361 et
984 3308 1114 3362 eductum
1130 3325 1179 3377 per
1197 3309 1317 3362 medium

141 3382 288 3447 bominem,
310 3381 359 3448 qui
373 3396 426 3448 per
444 3395 473 3433 os
496 3384 650 3448 emergeret,
674 3380 792 3448 stipitem
818 3381 842 3433 et
867 3380 1001 3434 distractu
1025 3380 1057 3432 in
1083 3380 1219 3434 diuersum
1246 3381 1318 3433 ncte's

142 3453 270 3506 curribus
296 3451 429 3516 membra,
457 3452 554 3506 iiiam
582 3453 730 3504 tunicam
763 3451 935 3505 alimentis
965 3450 1095 3519 ignium
1123 3456 1151 3504 et
1178 3451 1317 3505 inlitam

141 3530 171 3579 et
190 3529 326 3588 tentam,
345 3528 370 3576 et
387 3523 518 3591 quicquid
536 3522 616 3577 aliud
626 3528 741 3591 praeter
759 3523 824 3577 baec
837 3527 985 3577 commenta
1002 3522 1119 3576 saevitia
1136 3526 1183 3576 eet.

215 3598 242 3661 6)
262 3593 395 3662 Legimus
414 3594 444 3646 in
463 3592 559 3648 codice
578 3593 704 3646 Mediceo
722 3591 762 3646 ll:
790 3593 996 3660 „Perermtibus
1019 3593 1116 3647 addita
1139 3593 1263 3647 ludibria
1285 3599 1317 3646 ut

140 3668 265 3733 ferarum
288 3666 371 3734 tergis
395 3666 508 3719 contecti
532 3665 642 3718 laniatu
664 3680 764 3718 eanum
785 3666 930 3719 interirent
951 3669 1000 3718 ant
1018 3664 1145 3718 crucibus
1163 3664 1248 3730 affici
1266 3670 1317 3718 cut

141 3737 303 3806 dammandi
321 3741 402 3805 utque
419 3736 469 3790 udi
486 3736 623 3802 defecisset
640 3735 699 3790 dies
716 3736 748 3789 in
766 3751 846 3790 nsum
864 3735 994 3790 nocturni
1012 3735 1125 3789 luminis
1142 3739 1318 3789 urerentur.“

143 3810 221 3863 Haec
239 3808 327 3862 verba
343 3823 402 3861 non
419 3809 495 3861 recte
515 3822 575 3861 esse
593 3805 699 3861 medita
717 3807 775 3860 iam
794 3808 950 3876 complures
964 3807 1156 3874 cognoverunt
1175 3808 1204 3859 et
1223 3822 1316 3859 emen-

142 3881 208 3934 dare
235 3882 301 3932 sunt
324 3875 428 3932 conati.
465 3882 558 3945 Atque
581 3876 612 3932 in
639 3894 672 3932 eo
696 3879 875 3948 potissimum
898 3876 1085 3945 offenderunt,
1114 3877 1188 3945 quod
1208 3875 1317 3932 verbis:

140 3957 215 4019 „aut
232 3950 360 4006 crucibus
377 3949 462 4016 affici
479 3953 529 4003 aut
546 3950 730 4016 flummundffl
753 3949 832 4004 nulla
855 3945 1049 4003 describuntur
1072 3947 1201 4002 ludibria.
1236 3945 1317 4002 Oete·

141 4039 234 4077 rorum
263 4020 438 4076 coniecturas
466 4020 624 4089 nuperrime
653 4018 770 4091 collegit
797 4025 827 4076 et
853 4019 988 4074 refutavit
1015 4019 1179 4073 Franclinus
1208 4019 1316 4073 Arnctd

141 4093 204 4164 (Die
222 4090 394 4148 Neronieche
414 4090 721 4162 Christenveri0lgung,
744 4091 858 4162 Leipzig
878 4095 946 4145 1888
966 4109 993 4160 p.
1009 4093 1115 4159 7—11).
1154 4089 1209 4144 Sed
1228 4105 1262 4143 ne
1282 4106 1316 4144 ea

141 4165 278 4234 quidem,
292 4179 376 4232 quam
395 4161 456 4232 ipse
474 4164 623 4233 proposuit
640 4162 777 4218 scribens:
806 4168 876 4231 „cut
893 4163 1020 4217 crucibus
1038 4162 1122 4229 affixe
1139 4166 1219 4216 sunt
1236 4162 1314 4228 fium-

140 4237 238 4292 mundi
255 4242 355 4304 utque
368 4235 418 4289 ubi
431 4235 568 4302 defecisset
581 4236 639 4290 dies
651 4253 675 4304 q.
690 4238 733 4290 s.“
751 4234 819 4288 satis
834 4232 902 4288 mihi
917 4234 1014 4303 placet
1027 4235 1143 4302 propter
1157 4235 1315 4286 structurae

141 4308 242 4360 mirum
261 4305 402 4373 quandam
420 4305 676 4360 inconcinnitatem.
714 4303 880 4374 Inspicienti
898 4320 963 4360 voro
983 4303 1100 4372 Sulpicii
1115 4302 1210 4357 Severi
1228 4303 1316 4357 verba

142 4377 252 4447 (Chrcn.
272 4376 307 4431 Π.
323 4378 380 4446 29):
408 4378 489 4432 multi
507 4379 633 4433 crucibm
651 4378 735 4445 africi
753 4381 803 4431 cut
820 4377 958 4443 flamma
980 4377 1073 4428 usti“
1091 4372 1198 4428 leniore
1222 4389 1315 4426 emen-

141 4449 254 4504 datione
273 4448 422 4504 videbatur
439 4448 510 4503 mihi
528 4465 589 4504 esse
609 4447 799 4502 scribendum:
818 4452 887 4515 „cut
902 4446 1093 4511 FLAMMA,
1113 4443 1249 4513 IDQUE
1266 4446 1316 4498 ubi

141 4521 277 4589 defecisset
299 4520 369 4588 dies,
393 4521 425 4574 in
446 4536 526 4576 nsum
548 4521 678 4576 nocturni
696 4519 809 4575 turrinis
826 4521 1005 4575 urerentur.“
1040 4516 1092 4587 (De
1111 4514 1314 4570 usuvocabuli
