2934 4966
395 305 436 364 De
454 310 484 366 L.
504 309 613 366 Annaei
632 308 753 366 Senecae
773 309 899 380 epistulis
918 308 1081 365 moralibus.
1256 310 1321 374 633

138 477 280 553 scriptor
288 471 323 557 1),
338 497 384 552 ep.
399 480 428 555 8,
443 497 502 554 qua
516 481 657 538 turbatur
670 497 807 554 conexus,
822 482 870 537 est
882 480 1013 554 epistula
1027 479 1105 538 ficta.
1132 478 1237 554 Neque
1251 498 1321 538 vero
1348 495 1360 519 ⁴

138 567 315 627 credendus
330 570 376 626 est
386 566 498 627 Seneca
511 569 565 626 has
579 571 699 628 tantum
714 568 831 627 misisse
845 568 884 626 ad
897 567 1054 626 Lucilium.
1080 569 1126 626 Ea
1140 569 1227 640 enirn,
1242 569 1322 643 quod

139 655 342 716 notissimum
361 660 416 730 est,
435 660 521 716 erant
539 660 683 732 tempora,
703 658 810 735 quihus
823 660 859 715 ut
875 657 971 716 iustas
986 658 1124 732 querelas
1143 656 1322 716 amicissimo

140 763 201 806 suo
222 745 378 817 scriberet,
398 749 548 805 sescentas
568 747 694 806 haberet
707 765 820 806 causas.
854 746 967 805 'l'amen
985 745 1061 804 nihil
1079 746 1111 804 in
1125 747 1168 805 eis
1182 745 1322 821 occurrit,

141 853 207 910 quo
226 833 308 892 Nero
327 835 460 910 potuerit
479 835 597 894 offendi.
634 835 747 894 Deinde
766 835 953 908 omniafere,
977 853 1053 910 quae
1072 834 1200 911 legimus
1220 835 1251 892 in
1270 835 1323 910 eis,

141 924 303 999 pertinent
317 923 355 982 ad
369 923 589 999 philosophiam
603 926 694 999 atque
708 925 857 1000 inprimis
872 925 1015 982 admones
1026 924 1235 983 emendandus.
1264 923 1322 982 Sed

141 1013 215 1088 quis
236 1016 292 1088 est,
316 1012 367 1089 qui
392 1014 502 1086 credat,
527 1014 618 1072 etiam
637 1032 704 1072 cum
722 1014 842 1089 publice
861 1013 1110 1088 colloquerentur,
1133 1013 1170 1071 de
1188 1013 1272 1071 nulla
1290 1031 1323 1071 re

142 1101 244 1162 verba
262 1101 368 1160 fecisse
389 1101 530 1161 Senecam
550 1106 581 1161 et
598 1101 756 1179 Lucilium,
775 1102 833 1161 nisi
852 1101 888 1160 de
909 1101 1099 1176 philosphia?
1129 1101 1269 1176 Sequitur
1288 1105 1322 1159 ut

142 1194 320 1250 statuamus
340 1209 377 1249 ex
395 1193 507 1251 maiore
526 1191 723 1266 epistularum
747 1210 870 1250 numero
892 1191 945 1249 has
964 1191 1152 1266 potissimum
1173 1209 1192 1249 a
1210 1189 1323 1248 Seneca

143 1299 216 1339 esse
236 1281 361 1357 electas,
383 1281 492 1355 quihus
516 1281 645 1340 amicum
668 1283 706 1339 ad
730 1280 937 1356 philosophiae
961 1278 1095 1339 studium
1114 1284 1236 1338 conatus
1257 1283 1323 1338 erat

142 1369 312 1443 impellere,
332 1388 400 1428 cum
413 1374 535 1444 putaret
554 1370 606 1427 illa
622 1374 783 1445 praecepta
797 1369 864 1427 aliis
880 1387 997 1444 quoque
1011 1369 1075 1426 fore
1091 1368 1186 1427 utilia.
1215 1366 1323 1426 Occur-

143 1461 222 1516 runt
241 1477 312 1518 vero
331 1458 422 1516 etiarn
441 1476 517 1533 quae
537 1459 598 1517 sint
615 1459 798 1533 publicatae,
823 1458 880 1516 etsi
902 1476 961 1517 non
980 1461 1051 1515 sunt
1069 1456 1105 1515 de
1124 1457 1322 1532 philosophia,

143 1550 182 1605 ut
194 1551 395 1608 servarentur.
420 1548 521 1623 Atque
532 1548 672 1624 qnoniam
683 1552 860 1624 argumenta
869 1547 1059 1621 potissimum
1068 1546 1200 1621 respexit
1210 1544 1323 1604 Seneca

144 1636 180 1694 in
200 1636 377 1712 colligendis
396 1636 548 1712 epistuliS,
572 1637 717 1711 suspicari
736 1637 807 1696 licet
825 1636 899 1694 alias
920 1654 1037 1711 quoque
1056 1636 1160 1694 endem
1179 1638 1322 1710 tempore,

145 1743 208 1801 quo
219 1725 335 1800 priores
346 1730 417 1784 sunt
426 1727 563 1801 scriptae,
578 1744 642 1784 esse
657 1725 845 1802 compositas,
860 1743 987 1799 quarum
997 1726 1176 1799 argumenta
1185 1725 1322 1799 quamvis

144 1815 186 1873 ad
196 1814 419 1890 philosophiam
425 1818 602 1890 spectarent,
608 1819 709 1874 tamen
715 1834 782 1874 cum
788 1814 826 1873 ab
833 1815 967 1890 eis,quae
977 1814 1080 1872 insunt
1088 1812 1120 1870 in
1129 1813 1226 1888 primo
1238 1814 1322 1887 libro,

143 1904 326 1964 viderentur
340 1903 445 1980 aliena,
461 1904 491 1960 in
501 1903 531 1961 II
542 1904 662 1962 demum
672 1909 703 1963 et
712 1903 758 1962 ΙΙΙ
772 1903 883 1962 librum
897 1903 946 1962 vel
960 1903 990 1960 in
1006 1921 1065 1978 eos,
1080 1901 1133 1977 qui
1146 1905 1323 1979 sequuntur,

143 1991 243 2067 recipi
265 1995 442 2068 potuerunt,
466 1993 550 2050 ouius
573 1993 692 2069 generis
715 2011 748 2051 re
772 2011 843 2050 vera
866 1992 1033 2066 complures
1057 1990 1188 2050 arbitror
1210 2010 1258 2049 ms
1276 1991 1322 2048 in-

143 2081 277 2140 venisse.
289 2073 315 2159 2)
353 2080 539 2157 Cognoscitis
567 2082 710 2140 &nesam
737 2082 813 2139 hanc
840 2080 1008 2139 instituisse
1036 2079 1235 2155 epistularum
1264 2081 1322 2138 col-

143 2170 308 2230 lectionem
323 2189 359 2228 ea
372 2189 445 2230 usus
459 2170 583 2242 ratione,
594 2189 684 2245 qnam
693 2170 732 2229 ah
742 2170 803 2229 illis
813 2169 999 2244 temporibus
1013 2187 1072 2226 non
1087 2169 1180 2227 fuisse
1194 2169 1322 2227 alienam

142 2259 354 2335 intellegimus
373 2278 409 2317 ex
428 2259 459 2318 C.
477 2259 566 2318 Plinii
586 2259 715 2318 Secundi
734 2259 834 2319 verbis
858 2258 915 2318 toti
938 2257 1019 2317 illius
1044 2258 1243 2334 epistularum
1261 2275 1324 2316 cor-

143 2349 216 2425 pori
231 2348 413 2424 praemissis.
421 2340 447 2429 ³)
475 2347 589 2408 Censeo
604 2349 699 2424 igitur
709 2349 852 2407 Senecam
866 2366 902 2406 ex
917 2348 960 2406 eis
970 2366 1044 2423 quas
1059 2351 1147 2407 antea
1162 2348 1324 2422 scripserat

144 2438 290 2513 epistulis
309 2437 362 2495 has
382 2437 521 2513 elegisse,
540 2442 575 2497 ut
594 2439 767 2511 ederentur,
786 2438 860 2496 alias
880 2437 1052 2512 retinuisse,
1077 2441 1111 2494 ut
1130 2437 1323 2512 sequentibus

143 2527 304 2585 infulciret
326 2526 425 2598 libris,
449 2526 597 2584 addidisse
616 2545 688 2586 vero
707 2526 797 2584 etiam
821 2529 886 2583 tum
905 2526 1092 2583 comederet
1111 2525 1255 2599 quasdam
1273 2524 1322 2583 ad-

144 2615 350 2687 hortationes,
374 2617 464 2673 antea
486 2615 625 2689 omissas,
652 2615 822 2675 litterarum
845 2615 942 2673 forma
964 2613 1157 2689 compositas,
1185 2634 1223 2673 ne
1246 2632 1322 2689 quae

145 2704 403 2763 desiderarentur.

240 2792 344 2868 Longe
358 2792 419 2852 alia
433 2796 479 2852 est
489 2794 566 2852 ratio
580 2794 777 2869 epistularum
791 2795 928 2853 13—29.
956 2792 1022 2850 Hae
1037 2791 1115 2850 enim
1130 2811 1190 2850 non
1204 2793 1323 2850 tantum

145 2882 338 2958 argumentis
353 2885 424 2940 sunt
437 2886 591 2959 cognatae,
605 2884 658 2943 sed
672 2883 763 2942 etiam
778 2886 859 2941 certo
874 2882 1091 2941 sententiarum
1101 2898 1213 2938 conexu
1228 2882 1324 2940 altera

145 2973 279 3033 alteram
299 2963 491 3051 excipiuntf)
524 2972 601 3031 Sunt
614 2972 708 3048 igitur
721 2991 779 3030 non
794 2975 858 3030 tam
872 2975 954 3030 certo
968 2969 1091 3028 consilio
1107 2970 1219 3028 electae
1234 2989 1323 3046 quam

146 3060 347 3134 conscriptae,
366 3060 492 3136 ideoque
506 3063 556 3121 vix
571 3081 673 3120 omnes
687 3062 784 3120 iustae
800 3060 946 3135 epistulae
966 3059 1128 3117 habendae.
1161 3059 1274 3117 Tamen
1293 3059 1323 3116 in

145 3151 198 3208 his
210 3167 330 3225 quoque
340 3153 507 3225 occurrunt,
522 3169 597 3226 quas
612 3151 790 3208 coniecimus
801 3167 866 3208 esse
876 3167 963 3208 veras
974 3139 1161 3229 epistulas.⁵)
1190 3147 1323 3217 Quarum

145 3241 298 3314 quantum
317 3237 481 3298 habeamus
499 3258 665 3316 numerum,
684 3242 821 3298 accurate
837 3257 896 3296 non
911 3238 974 3296 iam,
985 3255 1144 3311 possumus
1159 3237 1323 3295 enucleare.

145 3328 230 3386 Narn
250 3326 274 3385 si
294 3346 329 3385 ex
348 3331 437 3386 antea
456 3328 575 3402 scriptis
595 3328 707 3387 Seneca
726 3328 871 3404 quasdam
895 3327 933 3386 ad
952 3328 1067 3385 ceteras
1086 3326 1323 3385 accommodatas

145 3416 287 3491 inseruit,
307 3416 454 3491 quomodo
473 3418 528 3476 has
547 3419 585 3476 ab
604 3417 664 3476 illis
684 3414 942 3476 internoscemus?
971 3414 1029 3474 Sed
1048 3415 1189 3475 videntur
1208 3415 1255 3473 his
1274 3415 1323 3473 ad-

145 3504 354 3564 numerandae
378 3523 443 3564 esse
468 3524 533 3578 eae,
558 3506 680 3582 quihus,
704 3525 769 3565 cum
794 3506 854 3564 iam
877 3508 967 3564 antea
989 3504 1109 3563 additae
1133 3507 1234 3562 essent
1257 3522 1324 3561 sen-

145 3594 265 3654 tentiae
283 3595 456 3670 praeclarae
475 3594 603 3653 aliorum
622 3596 767 3672 virorum,
791 3594 922 3653 adiectas
942 3593 1070 3668 legimus
1090 3593 1182 3651 etiam
1200 3592 1324 3668 Epicuri

146 3675 284 3763 voces.⁶)

241 3771 357 3831 Deinde
372 3772 446 3830 illud
462 3791 579 3848 quoque
594 3773 683 3833 velim
698 3771 901 3847 consideretis,
920 3771 1062 3849 inprime
1078 3771 1155 3829 libro
1171 3771 1324 3830 variorum

225 3998 252 4063 1)
273 3999 326 4064 ro,

224 4065 1324 4135 mmmmmmmmmmmmmmmmmm

145 4135 251 4193 statim
270 4136 420 4207 disputabo
440 4143 469 4191 et
487 4155 514 4207 p.
530 4145 590 4192 639.
612 4143 675 4193 668.

224 4210 252 4276 3)
272 4207 342 4262 Plin.
367 4226 411 4279 cp.
435 4208 448 4261 I
468 4213 496 4262 1:
530 4208 632 4280 Ooltepa'
657 4227 714 4264 mou
736 4216 842 4266 smouto
866 4210 995 4278 temporis
1018 4210 1114 4264 ordine
1137 4210 1324 4278 (aequaeuam

145 4281 296 4336 historiam
315 4281 531 4348 componebam),
548 4283 595 4335 sed
617 4287 649 4337 ut
672 4298 792 4351 quaeque
814 4283 847 4336 tm
868 4297 968 4336 monus
986 4286 1102 4336 oemunt.
1141 4280 1270 4348 Superest
1293 4285 1324 4334 ut

145 4368 200 4407 mec
219 4356 244 4405 te
263 4352 371 4405 roumilli
388 4367 437 4405 uec
454 4368 496 4405 ure
509 4353 651 4419 paeniteat
669 4354 796 4422 obsequii.
833 4353 882 4408 Itu
900 4354 971 4407 euim
989 4353 1035 4420 (ist
1048 4357 1081 4406 ut
1094 4368 1138 4405 eus
1151 4368 1221 4420 quue
1235 4353 1325 4406 adhuc

144 4423 287 4493 meptectue
305 4423 395 4476 iucem
412 4424 560 4492 requiram,
578 4428 602 4477 et
620 4426 646 4477 si
664 4441 731 4492 quus
751 4424 892 4491 addidero,
911 4441 967 4477 mom
984 4424 1162 4492 supprimam.

224 4497 252 4561 4)
271 4493 318 4547 cfr.
339 4510 423 4562 supra
441 4512 467 4562 p.
484 4493 588 4564 628l29.
662 4497 689 4563 5)
709 4511 772 4564 epp.
787 4501 830 4548 25.
850 4500 893 4549 29.
967 4499 994 4563 6)
1012 4511 1055 4563 ep.
1073 4498 1113 4548 18.
1135 4498 1176 4550 19.
1195 4499 1238 4548 24.

1076 4582 1113 4636 3*
