2934 4966
318 333 358 386 De
377 331 407 386 L.
426 329 535 386 Annaei
554 333 675 386 Senecae
695 330 823 401 epistulis
842 320 1003 386 moralibus.
1180 331 1245 395 629

70 500 176 576 itaque
195 499 234 558 ab
253 500 390 559 omnibus
410 500 539 576 negotiis
559 502 606 559 est
624 498 829 558 recedendum.
869 500 924 558 20:
944 497 1072 558 Omnino
1091 500 1183 558 animi
1201 501 1246 558 in·

70 589 244 651 constantia
257 607 380 664 prorsus
394 592 441 647 est
455 588 618 664 abicienda,
634 607 693 664 qua
707 588 925 664 philosophiam
939 588 1097 647 laudamus
1111 590 1141 647 in
1156 590 1246 649 rebus

71 678 207 737 externis
226 680 371 754 occupati.
410 680 465 736 21:
485 677 551 737 Non
576 677 783 751 occupationes
806 678 944 752 publicae
964 679 1016 736 sed
1038 678 1245 753 philosophiae

71 770 104 826 et
122 767 296 826 litterarum
315 766 448 826 studium
466 768 604 842 praestat
621 767 746 843 gloriam
768 768 987 842 sempiternam.

164 855 246 914 Haec
260 859 438 932 argumenta
451 856 551 915 omnia
560 856 638 914 inter
648 874 680 914 se
690 856 858 915 cohaerent.
882 855 1006 931 Semper
1020 856 1098 931 quod
1109 855 1245 932 sequitur

71 947 192 1020 spectat
210 943 248 1003 ad
266 945 481 1005 antecedentia.
518 944 618 1020 Atque
642 945 674 1003 id
693 945 778 1004 docet
796 944 920 1022 Seneca,
944 944 970 1003 si
989 945 1084 1004 vitam
1102 945 1177 1003 bene
1196 965 1243 1005 ve·

70 1033 163 1092 limus
179 1033 326 1108 ordinere,
345 1033 410 1093 fieri
428 1052 487 1092 non
506 1052 605 1110 posse,
622 1035 695 1109 quin
713 1033 919 1110 philosophiae
939 1051 991 1094 uos
1011 1033 1163 1093 dedamus.
1197 1033 1245 1092 Ab

71 1141 109 1182 ea
127 1141 331 1199 quaecumque
349 1141 403 1182 nos
422 1123 608 1198 prohibeant,
627 1141 692 1182 esse
710 1122 871 1183 abicienda.
905 1123 970 1181 Hae
988 1123 1082 1199 igitur
1099 1123 1245 1197 epistulae

69 1212 233 1271 maximam
248 1216 364 1287 partem
379 1212 437 1270 iam
449 1216 531 1272 certo
541 1211 664 1271 consilio
674 1213 730 1271 hoc
740 1210 851 1289 ordine,
865 1231 923 1288 quo
938 1205 1090 1288 leguntur,
1105 1211 1245 1271 videntur
1285 1270 1290 1283 ‚

68 1320 138 1361 esse
157 1301 295 1376 scriptae.

163 1389 218 1449 ΙΙΙ.
243 1392 300 1449 22:
320 1390 441 1450 Subduc
459 1393 489 1449 te
508 1389 758 1465 occupationibus.
795 1389 896 1448 Pretia
914 1389 993 1448 enim
1012 1389 1132 1461 illarum
1150 1391 1245 1464 parva

70 1497 107 1537 ac
126 1480 295 1554 spernenda
315 1483 393 1538 sunt.
423 1481 479 1539 23:
497 1479 544 1538 Ne
557 1479 690 1555 gaudeas
705 1479 799 1554 vanis,
819 1478 926 1554 quibus
942 1479 1108 1537 delectatur
1122 1478 1244 1556 vulgus3

69 1586 142 1627 nam
161 1568 199 1627 ad
218 1566 350 1627 dolorem
369 1568 469 1644 vergit
487 1569 561 1626 illud
581 1568 733 1644 gaudium.
770 1568 844 1626 Veri
866 1567 937 1626 boni
956 1567 1084 1628 aviditas
1103 1569 1171 1625 tuta
1190 1570 1244 1626 est.

71 1659 128 1715 24:
152 1652 264 1716 Desine
282 1657 388 1716 timere
407 1675 497 1730 vana,
517 1676 586 1714 nam
606 1676 810 1732 quaecumque
829 1657 974 1714 timentur
992 1676 1051 1715 non
1071 1660 1140 1715 sunt
1159 1659 1245 1714 tanta

70 1745 162 1822 mala,
181 1748 294 1822 quanta
312 1749 465 1822 putentur.
504 1747 558 1805 25:
583 1744 690 1804 Paucis
710 1746 750 1804 sis
770 1749 937 1805 contentus
976 1747 1029 1804 26:
1053 1745 1099 1803 Ne
1118 1748 1244 1804 mortem

69 1834 190 1910 quidem
203 1835 323 1894 timeas:
342 1835 417 1893 nihil
428 1834 506 1892 euim
520 1835 612 1894 habet
625 1834 706 1893 mali.
736 1837 791 1894 27:
811 1834 980 1894 Dummodo
995 1835 1160 1892 moriantur
1174 1837 1243 1892 ante

33 1962 36 1968 -
69 1926 200 1983 mortem
209 1924 291 1984 vitia.
319 1923 477 1983 Solaenim
487 1922 1079 1999 virtusperpetuumpraestatgaudiurn.
1106 1925 1159 1981 28:
1175 1923 1243 1982 Non

68 2012 363 2088 peregrinationibus
388 2013 504 2071 animus
528 2013 723 2088 componitur.
760 2013 930 2087 Antequam
949 2012 1174 2089 peregrinemur
1193 2013 1244 2071 ille

60 2104 118 2159 ost
136 2102 371 2176 componendus,
396 2121 454 2178 quo
473 2102 553 2161 facto
573 2101 663 2161 etiam
682 2103 713 2159 in
731 2102 822 2159 turha
841 2100 973 2160 servabit
991 2101 1243 2175 tranquillitatem

68 2192 101 2248 et
119 2190 273 2250 virtutem.
304 2192 359 2249 29:
378 2189 544 2249 Marcellini
558 2191 687 2250 conabor
700 2208 797 2250 mores
813 2190 983 2267 emendare,
1002 2193 1037 2248 tu
1051 2208 1121 2248 vero
1137 2190 1242 2248 attolle

66 2279 203 2338 animum
221 2283 325 2338 contra
344 2279 512 2339 formidata.

160 2368 266 2427 Totius
294 2368 364 2427 libri
391 2370 602 2444 argumentum
630 2388 697 2428 cum
723 2367 967 2428 antecedentibus
993 2369 1140 2427 cohaeret.
1182 2368 1242 2427 Do-

66 2476 173 2516 cemur
191 2457 269 2516 enim
289 2458 377 2516 facile
396 2477 439 2535 ca,
459 2459 567 2533 quibus
586 2458 781 2532 prohibemur
799 2477 818 2516 a
835 2458 1042 2533 philosophiae
1061 2456 1169 2534 studio,
1188 2475 1241 2517 nos

63 2565 156 2621 posse
169 2546 295 2620 abicere,
306 2546 331 2606 si
346 2545 578 2621 persuadeamus
593 2545 678 2606 nobis
694 2565 730 2605 ea
744 2565 809 2605 esse
823 2565 900 2606 vana
914 2548 1006 2621 atque
1016 2546 1240 2605 contemnenda.

159 2723 343 2802 Quicumque
363 2727 501 2784 accurate
519 2726 573 2782 has
597 2724 706 2800 legerit
731 2724 888 2800 epistulas,
912 2724 1070 2800 intelleget
1093 2723 1170 2782 effici
1194 2724 1240 2782 his

65 2813 167 2873 tribus
196 2813 283 2873 libris
306 2832 413 2889 corpus
436 2833 490 2889 per
513 2831 544 2872 se
564 2812 744 2872 absolutum.
781 2813 885 2889 Neque
905 2814 982 2872 enim
1002 2813 1134 2872 eiusdem
1153 2813 1241 2872 modo

64 2903 139 2967 libri
153 2901 301 2979 epistulae
311 2904 349 2962 ad
359 2904 483 2962 eandem
493 2902 644 2978 pertinent
654 2903 867 2979 quaestionem,
883 2903 934 2961 sed
948 2902 1079 2977 ipsorum
1094 2902 1240 2960 librorum

65 2994 248 3070 argumenta
266 2992 396 3050 alterum
415 2993 543 3052 alterum
559 2991 718 3066 excipiunt.
750 2992 851 3067 Atque
866 2991 1025 3066 exponitur
1038 2991 1134 3067 primo
1149 2992 1240 3050 libro:

63 3076 214 3158 quomodo
234 3079 265 3138 in
283 3080 457 3140 universum
475 3081 540 3140 vita
559 3079 599 3139 sit
617 3081 692 3138 bene
713 3080 886 3140 ordinanda.
923 3079 1070 3139 Secundo:
1096 3099 1156 3138 non
1176 3080 1239 3140 sine

63 3169 274 3247 philosophiae
293 3168 403 3229 auxilio
419 3170 513 3229 vitam
526 3169 602 3228 bene
616 3187 703 3244 posse
719 3169 858 3230 ordinari.
886 3169 915 3226 N
917 3189 965 3228 em
980 3172 1015 3227 ut
1028 3169 1144 3244 corpori
1159 3188 1240 3227 exer·

63 3257 218 3332 citatione,
236 3258 280 3317 ita
294 3257 393 3317 animo
407 3250 596 3333 philo'sophia
611 3277 685 3334 opus
701 3278 766 3317 esse
781 3260 819 3318 ad
834 3259 1037 3319 valetudinem
1051 3258 1238 3334 servandam,

63 3348 168 3423 itaque
187 3365 263 3424 quae
282 3347 395 3410 inrita
414 3365 432 3406 a
449 3347 656 3423 philosophiae
681 3348 781 3406 studio
805 3347 967 3424 abducant,
992 3366 1057 3406 esse
1076 3347 1239 3407 abicienda.

63 3435 183 3497 Tertio:
211 3436 310 3512 Atque
330 3436 417 3496 facile
435 3455 471 3496 ea
489 3455 576 3512 posse
596 3437 683 3513 abici,
702 3456 770 3496 cnm
789 3437 849 3496 sint
868 3455 946 3498 vana
964 3439 996 3495 et
1014 3436 1239 3505 contemnenda.

155 3525 220 3583 Iam
233 3525 281 3584 his
295 3525 480 3600 argumentis
499 3545 553 3600 per
572 3543 603 3583 se
618 3524 761 3600 spectatis
777 3526 963 3602 suspicamur
976 3525 1120 3602 pleraque
1135 3525 1239 3584 eodem
1254 3587 1261 3599 ,

62 3615 122 3674 hoc
155 3614 258 3673 ordine
290 3631 355 3673 esse
388 3614 556 3689 conscripta
590 3620 643 3673 aut
675 3615 783 3674 saltem
808 3615 953 3675 ordinata
980 3634 998 3673 a
1025 3613 1137 3673 Seneca
1164 3615 1238 3687 ipso.

62 3702 227 3762 Praeterea
249 3703 345 3762 multo
372 3703 509 3779 pluribus
536 3702 624 3776 locis,
648 3721 737 3778 quam
761 3705 1012 3762 enumeraverunt
1039 3694 1181 3782 Ionas¹)
1208 3706 1239 3761 et

61 3783 301 3872 Schultese2),
320 3790 442 3850 disertis
456 3792 555 3852 verbis
575 3794 692 3866 spectat
707 3792 745 3852 ad
760 3811 803 3868 ea,
823 3811 898 3868 quae
912 3793 1041 3868 legimus
1055 3791 1087 3849 in
1101 3792 1238 3867 epistulis

61 3879 261 3957 sequentibus
276 3884 330 3939 aut
343 3881 466 3956 respicit
480 3900 555 3956 quae
571 3881 758 3941 antecedunt.
790 3884 841 3960 101
858 3882 910 3940 cfr.
926 3884 982 3960 911.
1008 3883 1076 3960 15111
1090 3880 1142 3940 cfr.
1160 3882 1236 3958 14„.

60 3971 135 4047 20„
149 3969 201 4028 cfr.
220 3971 282 4048 181.
305 3971 356 4046 22¹
375 3969 426 4028 cfr.
444 3973 506 4048 191.
530 3970 789 4052 241611131111.
810 3971 1012 4049 24111131.
1033 3972 1087 4049 26l
1104 3970 1155 4029 cfr.
1173 3972 1236 4048 121.

60 4060 157 4137 was
177 4058 228 4116 θή-
251 4060 327 4137 141³·
341 4098 376 4136 14·
915 4077 918 4086 ’

154 4145 254 4222 Atque
272 4149 306 4206 ut
325 4148 429 4222 putem
447 4148 501 4206 hos
521 4147 615 4207 libros
634 4165 692 4207 non
712 4148 807 4207 solum
827 4148 858 4206 in
878 4168 960 4224 eum,
982 4167 1070 4224 quem
1088 4166 1166 4206 nunc
1185 4148 1235 4205 ha-

58 4236 180 4313 bemus,
192 4235 324 4295 ordinem
340 4236 482 4295 aSeneca
495 4236 560 4312 ipso
576 4255 640 4296 esse
655 4237 792 4297 redactos
808 4239 860 4296 sed
876 4237 967 4296 etiam
982 4256 1115 4297 seorsum
1132 4236 1237 4313 editos,

56 4366 276 4375 —————-

136 4441 163 4510 1)
182 4439 230 4494 cfr.
250 4442 335 4510 supr'a
352 4458 380 4510 p.
395 4445 446 4494 eal
466 4439 529 4495 adn.
547 4446 587 4496 11.

134 4517 162 4580 2)
181 4511 230 4566 cfr.
249 4528 334 4582 supra
352 4530 378 4582 p.
395 4517 454 4567 624.
