2934 4966
118 401 129 409 ,
151 325 217 388 610
573 327 709 381 Heni-icus
729 328 903 396 Hilgenfeld:

238 495 351 555 Similis
365 499 411 555 cst
426 497 508 556 locus
524 499 600 577 8733.
612 520 652 577 39ε
675 495 749 565 „Ait
762 502 858 557 autam
867 499 1040 560 Posidonius
1053 503 1104 560 boc
1117 504 1268 576 sophisma
1284 550 1290 561 .
1303 547 1309 561 .
1322 547 1329 562 .

147 587 189 644 sic
207 587 243 644 ab
258 583 415 659 Antipatro
433 588 540 660 refelli:
558 588 741 660 „Paupertas
754 605 812 646 παπ
820 606 877 662 per
885 592 1056 661 positiouem
1071 593 1186 659 dicitur,
1205 594 1259 651 scd
1269 611 1329 666 per

148 676 350 733 detractioaem
369 674 426 747 (uel
439 680 472 734 at
485 679 597 749 antiqui
611 678 746 736 dicarat
753 694 810 751 per
823 679 1007 739 orbatioaem.
1040 679 1148 739 Graeci
1162 677 1243 740 κατὰ
1259 678 1326 741 (τέ-

149 779 236 836 ρηειν
250 765 362 839 dicuat)
377 784 401 837 q.
417 768 460 823 s.“
493 763 627 825 Concedo
641 766 788 841 neglectis
804 766 850 824 his
864 767 963 827 verbis
979 787 1084 826 sanum
1099 769 1176 828 effici
1191 789 1326 831 sensum.

148 852 207 911 Sed
225 854 317 911 etiam
336 854 361 912 si
381 872 417 912 ea
435 852 607 937 retinemus.
640 855 779 914 Habebat
798 853 923 928 Seneca,
949 876 1001 915 cur
1020 876 1055 916 ea
1073 858 1205 918 adderet.
1239 860 1324 927 „De-

147 944 316 1001 tractioais“
334 943 478 1002 vocabulo
499 945 605 1018 sensit,
629 944 701 1020 quid
724 944 860 1021 intellegi
881 945 986 1021 vellet,
1008 948 1161 1006 nonsatis
1181 952 1324 1008 accurate

148 1030 318 1106 significari.
351 1032 387 1090 Id
405 1051 485 1109 vero,
504 1051 563 1107 quo
582 1032 699 1108 antiqui
717 1034 888 1107 utebantur,
907 1037 973 1094 erat
990 1054 1113 1109 prorsus
1131 1037 1322 1098 inusitatum.

149 1119 292 1189 Quocirca
310 1120 425 1179 addidit
448 1121 543 1196 ipsam
565 1120 710 1181 Graecam
727 1140 843 1196 vocem,
868 1142 957 1198 quam
982 1128 1120 1184 accurate
1145 1145 1177 1185 se
1203 1129 1323 1188 vertere

147 1227 235 1284 posse
255 1208 419 1270 diffidebat.
452 1210 529 1284 „Sed
548 1230 607 1270 uon
625 1214 707 1270 recte
725 1214 797 1275 sunt
813 1212 912 1286 posita
930 1212 1009 1272 inter
1027 1214 1180 1290 Antipatri
1199 1212 1324 1276 rerba.“

147 1298 254 1374 Itaque
273 1299 372 1374 accipe
391 1317 427 1357 ea
445 1302 598 1375 tamquam
616 1300 869 1360 interclusionem.
1215 1367 1218 1371 y

236 1387 371 1462 Denique
394 1389 502 1448 tertius
526 1389 659 1448 eiusdem
682 1389 800 1466 generis
824 1391 906 1450 locus
930 1392 968 1450 ab
991 1391 1125 1452 Haasio
1149 1396 1195 1452 est
1219 1393 1321 1453 defen-

148 1476 261 1535 dendus
282 1479 371 1555 1204:
397 1496 468 1551 „pa
487 1480 646 1552 aaaiopiaa
662 1481 755 1538 austri
772 1480 942 1539 intellectam
961 1485 987 1538 ct
1003 1481 1151 1541 toaestam
1169 1487 1195 1541 et
1213 1484 1322 1543 bouum

144 1567 282 1625 iudicaut.
309 1566 523 1637 (Haracetum
542 1586 607 1627 cum
620 1569 724 1628 Latiui
735 1571 921 1646 grammatici
939 1572 1052 1629 ciuitate
1070 1572 1249 1639 donaueriat,
1271 1591 1321 1647 epo

144 1656 344 1715 damnandum
357 1674 416 1715 παπ
425 1662 507 1730 puto,
520 1661 594 1731 puto
601 1649 626 1737 ¹)
645 1661 677 1717 ia
696 1661 837 1718 ciuitatem
850 1676 936 1717 suam
949 1659 1150 1733 redipcudum:
1168 1665 1238 1720 utar
1253 1681 1321 1736 erpo

143 1746 193 1803 illo
211 1762 270 1803 παπ
288 1749 401 1804 tautum
419 1750 567 1820 tamquam
583 1751 707 1821 recepto,
729 1749 780 1807 sat
798 1752 946 1820 tamquam
963 1748 1113 1821 usitato.)“
1143 1749 1198 1808 His
1218 1752 1320 1810 verbis

145 1832 256 1892 Seneca
275 1853 307 1893 se
327 1837 457 1912 excusat,
475 1853 529 1894 cur
547 1837 602 1895 hoo
621 1837 811 1911 potissimum
825 1839 929 1895 utatur
942 1837 1096 1897 vocabulo.
1129 1837 1211 1907 Quae
1231 1858 1320 1899 excu-

58 1968 63 1976 ,
144 1923 275 1982 sationes
298 1943 358 1984 non
381 1924 479 1983 minus
499 1923 628 1984 Senecae
651 1926 755 2000 primis
778 1925 857 1984 curis
882 1929 952 1984 sunt
975 1926 1202 2004 abiudicandae,
1227 1947 1319 2003 quam

143 2012 377 2072 innumerabiles
397 2013 566 2073 simillimae
585 2013 665 2090 apud
684 2011 856 2073 Ciceronem
867 2006 891 2087 2)
912 2018 1115 2095 occurrentes,
1140 2018 1318 2092 praesertim

143 2121 211 2160 cum
231 2097 298 2162 Seu.
314 2122 357 2178 ep.
375 2105 443 2182 9565
463 2103 582 2162 Haase
600 2122 660 2163 non
679 2103 911 2163 addubitaverit.

233 2194 315 2270 31m²
355 2192 476 2263 uitali
504 2195 602 2252 curius
627 2195 814 2253 aestimamus
841 2211 929 2266 qaam
961 2195 1144 2272 beneficium,
1176 2198 1319 2268 quamdiu

138 2282 279 2354 petimus,
302 2281 376 2340 uitii
398 2283 499 2348 uilius,
523 2299 588 2340 cum
611 2282 817 2356 accepimus).“
857 2281 939 2341 Haec
957 2283 1052 2342 verba
1070 2303 1129 2342 non
1148 2303 1213 2343 esse
1232 2286 1318 2344 uncis

143 2369 322 2428 includenda
335 2371 416 2428 recte
425 2370 582 2429 Bartsch
597 2370 734 2429 ostendit
760 2370 828 2428 Non
842 2370 920 2428 enim
934 2370 1184 2447 interrogavisset
1195 2373 1317 2449 Seneca,

143 2459 215 2536 quid
235 2461 326 2536 esset,
349 2459 428 2534 quod
446 2459 626 2520 oblivionem
645 2459 730 2519 nobis
748 2457 939 2535 acceptorum
958 2460 1070 2520 faceret
1089 2459 1228 2534 (quaeris,
1247 2466 1319 2536 quid

141 2551 187 2617 sit,
206 2550 281 2621 quod
300 2549 468 2608 obliuiouem
485 2551 567 2609 uobis
586 2553 765 2624 acceptorum
783 2548 898 2622 faciat),
922 2549 980 2608 nisi
998 2552 1088 2608 antea
1106 2550 1238 2630 dixisset,
1263 2553 1316 2610 ho-

143 2638 236 2696 mines
252 2655 354 2695 eorum
370 2637 467 2696 solere
481 2637 625 2697 oblivisci.
654 2637 712 2696 Sed
727 2639 820 2696 etiam
835 2643 901 2696 cum
916 2636 1161 2698 antecedentibus
1176 2640 1317 2700 cohaeret

141 2726 217 2785 illud
236 2725 434 2785 enunciatum.
471 2726 597 2786 Dixerat
616 2725 728 2785 Seneca
746 2729 907 2794 „aemiuem
922 2731 1044 2810 pratum
1059 2745 1119 2786 esse
1131 2746 1233 2801 posse,
1257 2733 1318 2790 uisi

143 2817 363 2890 comtempsisset,
372 2819 494 2889 propter
507 2833 581 2890 quae
594 2817 698 2890 culpus
710 2818 880 2877 iusaairet“.
905 2814 986 2884 Qirae
997 2814 1055 2875 duo
1070 2821 1147 2876 sunt.
1172 2817 1315 2889 Primum,

142 2923 219 2980 quae
237 2903 420 2980 praestanda
438 2906 508 2964 sunt
526 2923 545 2963 a
563 2905 674 2982 gratis,
697 2904 899 2965 intolerabilia
916 2904 1082 2964 iudicamus
1101 2907 1132 2964 et
1149 2905 1242 2965 nimia
1260 2927 1316 2982 pro

142 2994 272 3069 acceptis
289 2991 328 3065 (si
338 2995 644 3068 referreaispratiam,
660 2999 686 3053 et
697 2995 729 3054 ia
742 2995 859 3054 cecilium
873 2994 999 3052 caucium
1014 2998 1055 3053 est
1070 3014 1095 3068 q.
1105 2995 1152 3066 a).
1182 2997 1316 3072 Accepta

142 3102 222 3160 vero,
237 3086 425 3143 antestante
440 3083 539 3142 studio
555 3083 696 3159 appetita,
711 3085 816 3158 postea
829 3082 902 3141 vilia
916 3082 1050 3142 ducimus
1065 3084 1180 3143 maiora
1194 3104 1315 3161 exspec-

142 3176 242 3231 tantes
262 3171 412 3232 beneficia.
450 3171 537 3231 Grati
556 3172 748 3250 essemus,'si
767 3173 896 3247 acceptis
915 3189 1048 3230 essemus
1067 3174 1199 3232 contenti
1218 3172 1316 3245 (Nihil

142 3264 242 3321 carius
260 3263 447 3321 aestimamus
465 3280 491 3334 q.
504 3262 550 3335 s).
585 3261 667 3338 Ergo
686 3264 717 3320 et
735 3261 852 3320 labores
873 3262 943 3319 sunt
962 3260 1170 3320 contemnendi
1188 3265 1219 3321 et
1237 3282 1315 3339 quae

142 3350 271 3427 petenda
289 3349 431 3411 videntur
447 3369 526 3410 nova
544 3350 695 3426 beneficia,
715 3351 839 3426 propter
857 3368 933 3425 quae
951 3349 1060 3426 vulgus
1079 3349 1198 3410 insanit.

233 3442 302 3518 884:
325 3438 395 3508 „Aa
410 3442 597 3514 geometriam
614 3444 798 3499 trauseamas
813 3443 839 3498 et
852 3441 892 3498 aa
905 3441 1045 3498 musiceu:
1067 3441 1140 3499 aaa
1153 3442 1233 3513 apud
1245 3442 1315 3501 illas

141 3531 277 3597 iuoeaies,
288 3531 363 3603 quod
377 3533 447 3588 uetat
460 3531 567 3596 timere,
581 3532 792 3601 actetcupere.“
812 3528 894 3587 Haec
907 3529 1000 3588 verba
1014 3528 1065 3586 ubi
1078 3547 1157 3587 nunc
1171 3530 1314 3606 leguntur

141 3619 240 3678 locum
258 3637 318 3677 non
335 3619 448 3678 habere
466 3636 553 3677 nemo
571 3636 632 3677 non
650 3616 798 3676 concedet.
836 3617 941 3692 Neque
959 3617 1045 3677 video
1064 3617 1116 3676 ubi
1134 3617 1234 3694 aptius
1253 3618 1315 3678 sint

141 3707 290 3784 ponenda.
327 3707 405 3766 Nam
429 3707 466 3765 de
488 3705 601 3767 musico
621 3708 651 3766 et
670 3705 707 3765 de
726 3708 881 3783 geometra
903 3726 963 3766 non
986 3723 1045 3764 uno
1065 3707 1161 3782 capite
1180 3707 1315 3783 loquitur

143 3797 279 3875 scriptor,
299 3796 351 3856 sed
366 3796 492 3873 duobus,
511 3799 542 3855 et
559 3796 606 3855 bis
625 3796 663 3854 ad
682 3795 773 3854 aliam
792 3814 856 3854 rem
875 3813 907 3855 se
925 3793 1053 3855 transire
1071 3796 1132 3854 iam
1151 3795 1314 3872 significat:

61 3915 71 3921 -
143 3884 172 3962 ἓ.
193 3889 222 3945 9.
249 3883 324 3953 „Aa
345 3887 487 3944 musicam
510 3889 653 3944 trausea“
689 3881 717 3960 ξ.
740 3887 789 3944 10.
818 3886 945 3952 „Metiri
967 3901 1011 3942 mc
1031 3889 1185 3958 geometres
1207 3887 1315 3946 docct.“

143 3975 256 4034 Tamen
274 3965 464 4054 Bartsch3)
484 3976 553 4032 ante
573 3971 600 4049 ᾗ.
618 3977 635 4033 9
657 3993 692 4033 ea
710 3974 830 4033 infulsit
847 3973 950 4033 eiectis
968 3973 1069 4033 verbis
1088 3971 1158 4041 „Aa
1171 3977 1314 4033 musicam

142 4068 277 4125 trauseo“
287 4067 318 4123 et
333 4063 485 4123 contendit
499 4064 536 4123 de
550 4063 664 4122 musico
679 4066 710 4124 et
724 4065 760 4124 de
775 4065 930 4140 geometra
944 4077 1003 4122 uno
1018 4061 1114 4138 capite
1128 4081 1194 4121 esse
1204 4066 1313 4124 actum.

215 4308 241 4374 1)
263 4304 381 4360 Secutus
410 4321 472 4359 sum
500 4303 530 4358 in
555 4304 647 4360 verbis
672 4303 889 4360 transcribendis
917 4302 1094 4359 Franciscum
1123 4303 1313 4359 Buecheler

144 4378 285 4446 „Senecae
304 4376 442 4446 epistulae
463 4375 572 4445 aliquot
590 4376 702 4431 Bonnae
724 4379 819 4432 1879“.

213 4453 240 4512 2)
260 4446 314 4502 cfr.
334 4447 375 4500 De
393 4446 453 4503 ΝΒ.
474 4447 487 4501 l
506 4453 548 4502 44.
570 4453 630 4504 109.
650 4448 675 4500 II
695 4454 737 4502 sl.
757 4447 792 4501 de
811 4445 873 4502 aiv.
893 4446 918 4501 Il
939 4453 980 4501 11.
1002 4451 1060 4502 108.
1080 4445 1141 4501 rut.
1158 4451 1170 4499 1
1191 4448 1243 4500 etc.

213 4522 241 4589 3)
260 4518 312 4574 hl
331 4537 358 4588 p.
373 4523 487 4574 la-la
