2934 4966
389 324 429 377 De
447 321 477 375 L.
497 320 606 376 Annaei
626 321 746 377 Senecae
765 319 895 391 epistulis
914 321 1074 376 moralibus.
1252 320 1317 384 623

141 493 302 553 distribuit
316 493 399 552 vario
414 493 500 552 modo
515 510 546 551 16
562 493 745 552 excusantes.
777 490 892 549 Deinde
910 490 1004 548 verba
1023 481 1108 572 (502)
1127 491 1319 565 „Harpasten

140 586 246 643 uxoris
264 600 344 642 meae
362 585 476 656 fatuam
498 584 555 641 scis
577 582 783 641 bereditarium
801 598 874 639 onus
891 581 924 637 in
942 581 1024 639 dorne
1042 583 1320 640 111111111111111111ί

142 673 219 731 dicit
237 691 297 731 non
315 690 381 730 esse
401 671 512 746 scripta
527 671 586 729 nisi
599 674 733 745 tempore
748 670 827 729 inter
841 667 969 744 primum
985 670 1173 744 alterumque
1189 669 1317 729 Senecae

141 762 369 821 matrimonium
389 760 493 819 medio.
527 758 585 818 Sed
603 762 722 834 poterat
736 759 886 834 Harpasto
905 757 936 816 in
954 757 1047 832 ipsius
1066 758 1168 816 uxoris
1187 759 1317 835 domum,
1364 814 1368 819 .

142 871 222 928 quae
238 851 303 910 erat
318 850 447 908 Senecae
462 849 576 925 domus,
595 849 659 906 iure
673 847 849 907 hereditatis
868 846 1024 921 pervenire
1038 847 1140 924 ibique
1154 867 1317 907 remanere.

235 939 375 998 Externis
399 938 494 1013 igitur
517 936 696 996 testimoniis
716 940 747 996 61
766 936 854 995 certis
873 937 1044 1010 temporum
1062 935 1179 996 indiciis
1199 941 1319 1012 praeter

143 1050 212 1105 epp.
228 1031 247 1088 8
268 1030 352 1088 atel
374 1045 498 1102 prorsus
517 1027 580 1085 fere
598 1025 733 1085 videmur
752 1044 818 1084 esse
836 1024 936 1083 orbati
955 1028 985 1083 et
1004 1028 1037 1084 ut
1054 1025 1182 1085 vidimus
1200 1026 1317 1084 nullum

143 1139 183 1178 ex
209 1121 272 1177 tum
297 1117 399 1192 paneis
426 1115 563 1192 vestigiis
589 1114 732 1189 temporis
759 1113 855 1172 ordini
878 1115 981 1188 aperto
1006 1132 1173 1191 repugnare
1199 1121 1320 1190 praeter

143 1229 191 1283 ep.
205 1210 245 1267 75
259 1225 356 1283 neque
370 1205 408 1264 ab
424 1223 458 1264 eo
473 1206 607 1280 tempore
623 1222 688 1263 esse
703 1203 841 1280 alienum,
857 1221 915 1278 quo
929 1202 1063 1280 plerique
1079 1206 1251 1263 statuerunt
1264 1204 1318 1263 hos

142 1298 239 1356 libros
250 1296 377 1370 scriptos
388 1312 462 1367 esse,
477 1293 646 1351 itanullum
656 1296 718 1352 tam
730 1294 843 1351 certum
858 1293 984 1350 allatum
999 1295 1046 1350 est
1054 1296 1274 1369 argumentum,
1285 1295 1321 1353 ut
1434 1320 1439 1329 ·

144 1386 228 1444 omni
247 1384 434 1443 dubitatione
453 1382 570 1442 abiecta
587 1383 707 1440 illorum
721 1381 869 1457 possimus
884 1381 1023 1457 amplecti
1038 1382 1227 1458 sententiam.
1254 1382 1321 1442 Una

145 1475 209 1534 iam
232 1475 328 1532 restat
346 1473 408 1550 via,
433 1490 493 1547 qua
515 1472 642 1530 fortasse
666 1471 747 1530 ultra
770 1470 911 1546 progredi
934 1470 1017 1545 licet,
1044 1474 1077 1530 ut
1102 1472 1320 1530 sententiarum

144 1565 341 1623 observemus
359 1580 510 1621 conexum.
543 1560 662 1618 Primus
677 1561 732 1620 hoc
745 1559 817 1618 fecit
831 1552 1035 1639 Martens¹),
1055 1560 1113 1619 etsi
1128 1579 1212 1619 suam
1226 1560 1320 1635 ipsius

143 1654 347 1713 coniecturam
367 1671 401 1710 eo
421 1650 622 1710 labefactavit.
660 1649 717 1719 Qui
736 1649 815 1724 quod
834 1649 929 1723 primo
949 1649 1052 1707 statim
1072 1648 1186 1724 impetu
1205 1653 1319 1710 rectum

143 1762 206 1803 non
220 1743 340 1801 videtur
354 1740 513 1816 invenisse,
527 1740 600 1814 puto
615 1757 702 1814 posse
717 1737 886 1810 condonari,
904 1755 971 1796 eum
990 1739 1143 1814 11116111,
1164 1758 1241 1815 quae
1256 1739 1321 1798 sola

143 1832 207 1891 iam
226 1832 341 1905 reliqua
360 1833 415 1904 est,
434 1829 472 1887 ab
492 1847 526 1888 6ο
547 1828 586 1886 111
606 1831 718 1904 apertu.

237 1920 385 1995 Cognovit
394 1919 472 1976 enim
482 1918 532 1976 ille
542 1917 574 1975 in
584 1937 628 1993 ep.
641 1919 691 1990 74,
706 1935 782 1994 quae
796 1916 888 1975 estde
900 1916 1111 1992 summobono,
1127 1917 1225 1975 omitti
1234 1921 1321 1985 „beni

142 2011 328 2082 leonestique“
347 2007 557 2084 definitionem,
576 2026 667 2081 quarn
685 2025 753 2065 cum
772 2005 921 2064 inveniret
940 2004 1132 2084 1116111188,
1152 2007 1260 2066 statuit
1275 2028 1320 2082 ep.

147 2101 222 2174 118,
238 2116 329 2173 aqua
346 2099 408 2155 120
423 2098 546 2171 propter
561 2099 775 2172 argumentum¹
791 2113 850 2152 non
869 2095 950 2152 esset
964 2096 1158 2171 segreganda,
1179 2096 1321 2170 scriptam

145 2207 214 2248 esse
232 2190 300 2246 anto
323 2187 363 2245 74
383 2188 414 2244 61
435 2187 488 2258 76,
512 2185 585 2243 item
604 2185 754 2243 artissimo
773 2183 891 2244 vinculo
911 2183 1113 2242 cohaerentes.
1147 2183 1321 2259 Signifieare

143 2279 242 2355 igitur
256 2275 397 2334 Senecam
413 2276 464 2350 74,
474 2266 499 2351 2)
519 2274 586 2331 illas
606 2273 750 2349 epistulas
769 2272 801 2330 in
815 2272 989 2332 memoriam
1005 2268 1061 2331 sibi
1076 2290 1141 2332 esse
1156 2277 1320 2334 revocatas.

146 2365 266 2425 Similia
283 2383 343 2422 non
361 2382 439 2438 nego
459 2362 607 2422 evenisse:
631 2363 799 2437 exemplum
817 2361 963 2437 improbe.
1000 2361 1078 2418 Nam
1098 2381 1142 2437 ep.
1160 2363 1200 2421 74
1220 2363 1321 2437 potius

145 2455 222 2514 mihi
232 2455 351 2512 videtur
359 2452 489 2526 incipere
502 2454 567 2511 tota
579 2453 614 2510 de
626 2452 704 2510 bono
715 2452 900 2526 honestoque
910 2451 1082 2525 disputatiO,
1092 2469 1183 2526 quam
1193 2471 1238 2526 ep.
1249 2453 1321 2512 118.

144 2545 249 2619 Atque
268 2543 347 2618 quod
367 2541 486 2615 saepius
506 2541 606 2599 evenit
628 2540 758 2614 primum
782 2539 914 2614 aliquem
937 2559 1001 2598 rem
1025 2541 1155 2599 tractare
1174 2543 1322 2616 temptan-

145 2635 238 2708 tibus,
257 2650 316 2691 non
336 2633 402 2689 erat
420 2629 559 2689 omnibus
578 2629 709 2694 numeris
729 2628 877 2704 absoluta,
902 2628 954 2687 sed
972 2628 1069 2704 magis
1088 2628 1261 2689 continebat
1279 2631 1323 2689 rei

145 2721 434 2782 commendationem
455 2738 546 2794 quam
564 2720 751 2794 argumenta,
774 2735 835 2793 qua
857 2718 893 2776 de
912 2738 944 2777 re
963 2721 1157 2792 conquestum
1178 2736 1242 2777 esse
1262 2719 1322 2776 Lu-

146 2810 249 2869 cilium
269 2809 397 2887 legimus
418 2828 463 2883 ep.
480 2810 543 2886 76,
579 2807 616 2865 In
640 2813 765 2882 utraque
784 2825 854 2866 vero
875 2806 987 2866 Seneca
1004 2827 1063 2866 non
1082 2807 1182 2866 verbis
1201 2827 1322 2883 operam

146 2899 244 2970 dedit,
269 2899 321 2957 sed
343 2898 446 2972 rebus3
474 2916 534 2956 non
559 2896 747 2955 definitiones
771 2895 961 2971 conquisivit,
991 2913 1065 2971 quas
1093 2896 1178 2956 initio
1203 2897 1323 2955 omnino

145 2991 327 3063 aspernatus
347 2987 467 3046 videtur
486 2977 600 3067 61163),
624 2985 676 3044 sed
695 2986 852 3044 ostendere
871 2985 995 3044 conatus
1015 2985 1074 3060 611,
1099 2987 1243 3061 quautam
1263 2987 1324 3045 vim

144 3077 272 3136 haberet
290 3077 401 3136 bonum
420 3079 451 3134 et
473 3076 631 3134 honestum
650 3075 687 3133 ad
706 3075 800 3133 vitam
824 3075 943 3134 beatam
967 3073 1166 3148 efficiendam,
1190 3077 1221 3133 et
1245 3076 1323 3133 unde

145 3169 223 3225 haec
242 3166 270 3223 ei
288 3166 333 3224 vis
353 3168 441 3224 esset.
483 3163 541 3233 Qui
559 3182 630 3222 vero
650 3162 836 3224 definitiones
856 3166 887 3223 et
906 3163 1016 3223 similia
1034 3167 1166 3240 quaeret,
1191 3163 1324 3224 inveniet

146 3274 208 3316 non
227 3258 346 3313 tautum
364 3255 396 3312 in
415 3272 481 3330 epp.
497 3255 560 3312 118
581 3254 612 3311 61
633 3255 704 3330 120,
728 3253 779 3312 sed
799 3253 889 3311 etiam
908 3253 938 3311 in
958 3252 1081 3328 reliquis
1101 3253 1234 3311 eiusdem
1253 3253 1324 3311 libri

147 3344 295 3422 epistulis.
337 3343 405 3402 Non
428 3342 495 3401 ideo
520 3341 671 3417 putandae
698 3345 769 3400 sunt
795 3343 851 3400 hae
876 3341 945 3401 illas
972 3341 1176 3401 antecessisse.
1218 3342 1323 3417 Immo,

146 3435 307 3511 postquam
326 3432 446 3507 longius
466 3434 512 3491 est
530 3449 707 3506 progressus
730 3430 870 3505 scriptor,
895 3431 1035 3507 cognovit
1059 3431 1186 3506 pusillas
1206 3450 1324 3506 quoque

146 3543 197 3582 res
217 3523 245 3580 ei
263 3540 329 3581 esse
347 3519 529 3597 tractandas,
548 3519 600 3595 qui
617 3522 714 3580 totam
732 3519 952 3596 philosophiam
970 3521 1114 3580 moralem
1133 3519 1227 3579 vellet
1245 3538 1325 3579 oom-

146 3612 239 3688 plecti
259 3615 289 3669 et
308 3629 410 3668 omnes
429 3607 468 3666 ad
487 3626 552 3666 eam
571 3608 754 3683 pertinentes
770 3609 960 3686 quaestiones
975 3600 1165 3690 6111111164)
1196 3608 1323 3668 Miratus

146 3720 219 3762 vero
239 3719 306 3759 sum
326 3699 401 3757 hanc
420 3697 625 3774 quaestionem
643 3697 767 3757 tractari
786 3717 805 3756 a
820 3698 1019 3758 Martensio
1037 3697 1182 3775 neglectis
1203 3716 1270 3774 opp.
1281 3701 1322 3759 66

147 3792 246 3867 6170,
268 3787 652 3864 quaesuntdeeademre.
685 3786 743 3846 Sed
758 3787 948 3848 dehisinfra
963 3805 1060 3862 agam.
1095 3787 1216 3846 Mallem
1230 3787 1325 3847 Mar-

146 3879 261 3939 tensii
279 3878 569 3953 argumentationem
589 3877 730 3935 nontam
753 3876 871 3935 irrisam
895 3895 914 3936 a
937 3868 1208 3956 Schultessi05)
1232 3895 1323 3953 quam

144 3969 319 4029 correctam.
352 3965 430 4024 Nam
449 3967 527 4042 quod
545 3965 594 4026 hie
612 3967 730 4026 omnino
749 3967 850 4045 negat,
869 3985 915 4042 ep.
931 3968 1000 4025 74²⁰
1013 3965 1098 4025 initio
1114 3966 1164 4042 agi
1178 3966 1215 4024 de
1228 3965 1319 4025 rebus

157 4197 160 4200 >
222 4161 235 4208 1
268 4154 287 4208 l.
302 4154 321 4208 l.
363 4160 441 4208 ,176
483 4195 488 4207 .

221 4157 249 4296 21
267 4172 401 4296 Ερί11111α
419 4170 629 4280 rabqeetectavn
647 4241 688 4280 me
706 4230 731 4279 et
749 4228 910 4279 enarrantem
931 4224 1069 4290 excitavit,
1088 4223 1243 4278 memoriam
1261 4241 1325 4294 quo

146 4317 200 4372 que
217 4315 316 4365 meam,
340 4313 408 4366 quae
431 4298 489 4351 iam
507 4298 575 4350 mibi
596 4297 688 4365 segnis
709 4312 744 4350 ue
762 4297 836 4350 tenta
854 4300 906 4364 611,
930 4298 1057 4351 evocarit.
1096 4294 1203 4364 Qnidrn
1220 4301 1264 4362 tu,
1287 4297 1327 4350 nti

147 4372 260 4436 Lucili,
287 4370 438 4423 marimum
464 4373 543 4437 putes
570 4369 780 4422 instrumentum
804 4368 896 4422 beatae
922 4368 995 4423 citae
1020 4368 1092 4422 bunc
1113 4368 1327 4436 persuasionem,

147 4459 235 4498 unum
255 4442 355 4495 bonum
373 4456 436 4507 esse,
455 4439 527 4508 quod
544 4438 684 4511 bonectum
697 4437 755 4493 est?

222 4514 250 4582 3)
271 4529 314 4580 ep.
329 4517 386 4581 20,.
459 4512 486 4578 4)
507 4526 549 4578 ep.
567 4514 638 4580 106,Ι
712 4512 740 4579 5)
759 4510 777 4562 l.
792 4510 811 4564 1.
829 4527 856 4578 p.
872 4514 915 4563 37.
