2934 4966
142 305 210 370 632
565 306 700 362 Henricus
721 299 896 376 Hilgenfeld:

143 475 255 533 fecerat
274 474 386 533 Seneca
408 475 532 534 laudata
551 475 673 550 Epicuri
692 494 776 550 voce,
801 493 876 550 quae
899 475 930 533 in
954 475 1053 550 ipsum
1077 475 1231 551 epistulae
1254 492 1320 536 con·

142 565 257 622 textum
277 567 398 639 recepta
417 566 471 623 est.

136 723 137 728 η
232 652 368 728 Denique
383 673 427 728 ep.
439 655 480 712 29
493 672 610 729 quoque
624 646 676 733 (de
686 653 859 716 Marcellino
870 645 1072 733 adhortando)
1087 655 1221 730 speciem
1234 674 1318 730 prae·

143 742 202 811 sert
219 760 308 801 verae
326 742 482 817 epistulae,
500 762 597 818 neque
616 745 794 818 argumento
813 761 880 800 oum
899 733 1148 818 praecedentibus
1167 745 1317 804 cohaeret.

142 829 211 889 Una
236 831 264 904 ἓ.
287 832 305 889 9
335 851 402 890 oum
429 832 553 908 reliquis
581 831 799 908 quodammodo
826 835 872 890 est
898 832 1067 909 coniuncta,
1096 851 1156 907 qua
1184 834 1317 892 omnium

142 922 369 996 praeceptorum
385 939 531 979 summam
548 920 659 979 Seneca
674 921 804 980 inclusit.
833 920 973 981 Fortasse
987 924 1110 997 propter
1125 922 1207 980 hune
1221 923 1317 982 locum

143 1009 262 1068 omnino
285 1012 331 1068 est
354 1013 483 1085 recepta.
527 1009 584 1067 Sed
608 1011 680 1085 quin
703 1028 721 1067 a
744 1010 887 1086 scriptore
911 1010 977 1085 ipso
1005 1011 1037 1068 in
1058 1010 1117 1068 fine
1144 1010 1186 1068 sit
1211 1011 1317 1087 posita,

142 1117 229 1156 nemo
244 1098 402 1174 dubitabit,
423 1118 490 1158 oum
503 1099 641 1174 legamus
661 1096 689 1174 ξ.
708 1102 761 1157 10:
780 1098 972 1166 „Ultimom
984 1102 1184 1172 pensionem.“
1208 1100 1317 1158 Mirum

143 1187 198 1246 hoo
217 1187 336 1247 videtur
359 1188 389 1245 in
409 1187 539 1263 epistula
557 1207 636 1246 mere
655 1187 783 1262 privata,
802 1188 860 1246 nisi
879 1188 955 1246 hano
974 1207 1089 1265 quoque
1107 1187 1234 1263 Epicuri
1253 1208 1317 1249 sen·

143 1277 268 1334 tentiam
286 1279 427 1351 putamus
447 1280 552 1353 postea
571 1276 692 1335 demum
710 1295 776 1336 esse
796 1276 951 1352 adiectam,
970 1295 1038 1335 cum
1057 1277 1206 1336 ederetur.

232 1365 309 1441 lam,
333 1384 458 1443 quaese,
481 1385 559 1441 quae
582 1367 680 1425 adhuc
703 1366 922 1441 disputavimus
945 1367 1044 1424 animo
1063 1367 1317 1441 complectamini:

144 1453 251 1513 Omnia
269 1456 299 1513 in
319 1454 494 1515 universum
507 1455 588 1514 iusto
604 1457 820 1514 sententiarum
835 1473 949 1515 conexu
962 1453 1135 1530 procedunt,
1154 1456 1215 1515 etsi
1228 1474 1317 1516 verae

145 1544 292 1619 epistulae
317 1548 388 1602 sunt
411 1545 521 1603 mixtae
546 1563 613 1603 cum
635 1544 721 1603 fictis.
758 1544 871 1619 Aperte
890 1543 1094 1620 compluribus
1117 1544 1192 1603 locis
1212 1563 1317 1622 eogno-

145 1633 254 1692 soimns
280 1633 358 1692 huno
384 1633 517 1692 ordinem
541 1652 559 1692 a
583 1633 694 1693 Seneca
719 1652 783 1694 esse
809 1634 1015 1693 constitutum.
1062 1632 1145 1702 Quae
1170 1635 1316 1709 temporis

144 1722 241 1780 ordini
254 1722 395 1782 videntur
409 1741 586 1800 repugnare,
602 1723 692 1782 certis
708 1725 743 1781 de
757 1723 855 1782 causis
870 1741 888 1781 a
902 1723 1047 1798 scriptore
1061 1721 1126 1797 ipsc
1141 1726 1216 1781 sunt
1228 1724 1316 1782 inter-

144 1811 228 1869 iecta.
266 1811 436 1886 Epistulam
457 1815 497 1871 29
518 1813 653 1888 appellat
670 1812 817 1871 ultimam.
854 1813 924 1888 Ipse
948 1810 1104 1871 consilium
1123 1816 1246 1887 ceperat
1263 1813 1315 1871 has

145 1900 289 1974 epistulas
309 1900 423 1958 edendi.
431 1891 455 1981 ¹)
491 1900 563 1970 Quis
582 1901 675 1977 igitur
694 1901 796 1960 credet
814 1901 988 1976 scriptorem
1007 1901 1061 1959 hos
1080 1901 1173 1959 libros
1193 1901 1316 1960 editioni

143 1992 264 2064 paratos
274 1990 305 2047 in
315 1989 430 2048 seriniis
441 1990 501 2048 suis
513 1990 711 2066 abscondisse,
726 1991 819 2049 donec
829 1993 876 2048 tot
890 1989 964 2048 alios
977 1988 1198 2048 conscriberet?
1228 1989 1315 2049 Prae·

143 2081 226 2138 terea
238 2097 328 2154 quam
337 2079 576 2137 numerationem
587 2082 642 2158 26,
651 2079 803 2154 promittit
816 2099 886 2138 mox
895 2077 931 2136 de
941 2079 1028 2138 domo
1038 2096 1070 2137 ee
1081 2096 1147 2137 esse
1157 2079 1315 2150 facturum,

143 2171 248 2242 postea
266 2187 326 2226 non
343 2168 414 2226 facit
432 2187 528 2244 neque
547 2187 618 2228 vero
637 2169 755 2243 publice
774 2168 973 2243 promisisset,
997 2167 1023 2226 si
1041 2167 1179 2227 scivisset
1201 2185 1234 2227 se
1257 2168 1314 2227 sol-

143 2256 238 2314 vendo
257 2275 317 2316 non
336 2275 410 2333 esse,
430 2258 508 2333 quod
528 2258 701 2333 cognovisse
721 2276 752 2315 se
767 2256 867 2332 prodit
883 2258 947 2334 33,
979 2256 1083 2314 Edidit
1101 2256 1197 2331 igitur
1215 2274 1262 2332 sp.
1274 2259 1314 2315 26

143 2350 304 2420 antequam
318 2347 438 2405 omnino
453 2347 598 2406 scriberet
612 2366 657 2421 ep.
669 2349 719 2406 33.
752 2346 832 2421 Ergo
847 2347 1032 2422 epp.1-29
1053 2363 1155 2404 omnes
1169 2364 1188 2404 a
1203 2345 1317 2405 Seneca

143 2434 208 2509 ipso
233 2439 303 2494 sunt
326 2453 385 2495 non
409 2437 527 2494 tantum
551 2436 749 2512 conscriptae,
776 2434 855 2493 sicut
876 2452 956 2492 nunc
979 2434 1121 2511 legimus,
1147 2438 1240 2510 atque
1259 2435 1316 2494 hoe

143 2523 245 2582 ordine
265 2525 414 2602 collectae,
434 2524 596 2584 sedetiam
615 2525 722 2583 editae.

231 2612 318 2673 Nunc
337 2614 433 2672 altera
450 2617 547 2673 restat
565 2614 710 2689 quaestio,
729 2632 786 2688 quo
805 2615 940 2688 tempore
959 2611 1070 2670 Seneca
1089 2629 1140 2670 eas
1160 2612 1317 2687 scripserit

144 2704 175 2760 et
192 2702 400 2777 publicaverit.
434 2702 519 2770 Quod
533 2706 568 2762 ut
582 2720 803 2780 cognoscamus,
822 2720 944 2761 neeesse
963 2704 1009 2759 est
1027 2700 1058 2758 in
1076 2701 1251 2760 memoriam
1270 2721 1314 2760 re·

142 2810 291 2867 vocemus,
309 2810 386 2867 quae
405 2795 493 2850 antea
511 2792 728 2866 disputavimus
748 2791 784 2849 de
803 2791 931 2866 singulis
950 2789 1096 2866 epistulis.
1128 2789 1206 2847 Tum
1225 2809 1316 2866 appa-

142 2880 229 2956 rebit,
247 2901 306 2940 non
325 2899 427 2939 omnes
447 2882 592 2956 epistulas
606 2899 665 2939 uno
679 2883 784 2940 tenore
798 2898 864 2939 esse
879 2880 1005 2954 scriptas
1018 2897 1114 2954 neque
1127 2878 1159 2937 in
1174 2879 1315 2938 omnibus

142 2971 246 3028 eodem
261 2970 384 3029 consilio
399 2989 488 3028 usum
503 2988 568 3029 esse
584 2971 768 3046 scriptorem.
795 2968 966 3028 Nonnullae
976 2969 1053 3027 enim
1063 2986 1123 3028 non
1137 2971 1210 3027 sunt
1224 2987 1315 3028 verae

142 3059 298 3133 epistulae,
318 3059 371 3117 sed
390 3060 572 3134 compositae
591 3063 625 3117 ut
645 3060 812 3132 ederentur,
830 3058 908 3117 aliae
927 3059 992 3116 tum
1012 3058 1141 3136 demum,
1159 3075 1228 3116 oum
1247 3057 1315 3117 ede·

142 3151 247 3205 rentur
260 3147 393 3222 reliquae
401 3141 438 3226 ²),
457 3149 534 3208 aliae
548 3167 689 3222 verarum
703 3148 832 3224 speciem
845 3139 1060 3225 praeferunt.3)
1087 3145 1123 3204 In
1137 3145 1314 3223 colligendis

141 3255 200 3294 non
219 3240 282 3294 tam
302 3238 454 3313 temporis,
474 3256 532 3314 quo
547 3238 676 3312 scriptae
692 3227 806 3317 sunt4),
825 3255 915 3312 quam
935 3236 1150 3295 sententiarum
1167 3236 1248 3294 ratio
1267 3239 1315 3294 est

141 3325 252 3384 habita.
290 3325 321 3383 Si
344 3329 445 3386 tamen
468 3327 613 3401 temporis
637 3326 709 3385 ordo
729 3345 796 3385 cum
816 3325 1032 3384 sententiarum
1052 3324 1155 3384 ordine
1174 3324 1315 3402 congruit

140 3414 171 3472 in
185 3414 345 3491 plerisque,
357 3416 575 3490 pracsertimII
585 3417 616 3474 et
625 3415 671 3474 ΠΙ
683 3414 761 3491 libri,
775 3415 836 3474 iam
846 3433 912 3474 oum
927 3413 1129 3474 conscriberet
1137 3431 1188 3471 sas
1199 3412 1314 3472 Seneca

140 3503 260 3563 videtur
278 3523 312 3564 eo
331 3522 403 3562 usus
423 3523 488 3564 esse
507 3505 639 3582 oonsilio,
657 3511 692 3563 ut
710 3505 767 3564 hoo
786 3503 888 3562 ordine
908 3522 958 3562 eas
976 3503 1151 3578 publicaret.

229 3593 329 3668 Atque
349 3594 375 3651 si
393 3594 560 3652 accuratius
579 3593 743 3669 inspicietis
762 3592 897 3668 singulos
911 3592 1014 3667 libros,
1033 3591 1129 3669 magis
1144 3591 1313 3668 apparebit,

140 3682 218 3757 quod
237 3681 414 3760 significavi,
433 3683 580 3742 rationem
599 3682 749 3760 quandam
767 3681 949 3741 intercedere
967 3680 1047 3739 inter
1066 3696 1132 3755 epp.
1153 3682 1260 3739 1-12
1282 3685 1314 3740 et

144 3772 281 3831 13-29.
319 3771 397 3828 Nam
421 3772 518 3847 primo
541 3772 618 3831 libro
643 3771 832 3832 continentur
855 3770 1014 3846 epistulae,
1038 3787 1111 3845 quas
1135 3787 1203 3827 cum
1222 3788 1312 3845 argu·

141 3861 250 3918 mentis
270 3860 488 3936 quodammodo
508 3864 608 3921 essent
627 3861 749 3936 similes,
768 3860 894 3935 scriptor
915 3859 946 3917 in
970 3876 1064 3915 unum
1086 3859 1228 3918 volumen
1251 3859 1313 3918 ool·

140 3949 223 4024 legit.
256 3948 373 4006 Harum
392 3950 490 4008 nescio
509 3968 548 4009 an
566 3951 709 4010 maiorem
727 3952 845 4026 partem
863 3948 943 4006 iusto
958 3947 1120 4006 debeamus
1138 3947 1313 4006 litterarum

140 4040 323 4098 commercio.
359 4038 554 4098 Desideratur
573 4039 651 4098 enim
671 4038 886 4099 sententiarum
905 4039 1005 4096 certus
1023 4054 1199 4112 progressus
1208 4029 1245 4114 ⁶),
1264 4036 1313 4095 bis

141 4127 251 4185 omissa
274 4130 344 4186 sunt
367 4128 531 4188 amicorum
554 4120 723 4210 nomina⁶),
750 4128 842 4189 semel
866 4129 984 4185 tantum
1008 4125 1046 4185 ad
1069 4125 1170 4202 priora
1194 4128 1315 4200 spectat

213 4354 239 4420 1)
259 4368 302 4420 ep.
322 4357 360 4420 8,.
375 4390 396 4421 ,.
415 4356 471 4421 21,
544 4354 572 4420 2)
591 4367 654 4419 epp.
673 4355 697 4405 8.
717 4356 761 4405 21.
833 4351 861 4420 3)
879 4365 942 4419 epp.
962 4354 1005 4403 25.
1025 4354 1067 4403 29.

210 4427 237 4487 4)
257 4423 305 4476 ofr.
327 4428 341 4476 7
361 4426 391 4476 et
409 4429 433 4491 8,
453 4427 486 4475 21
507 4425 536 4477 et
553 4427 587 4476 22
607 4423 642 4475 al.

211 4495 238 4562 ὃ)
257 4493 305 4546 cfr.
325 4510 410 4563 supra
428 4512 454 4562 p.
475 4498 534 4547 628.
608 4496 635 4562 6)
654 4499 692 4562 3,.
713 4498 768 4562 11„
