2934 4966
312 315 353 370 De
371 314 401 368 L.
422 315 529 368 Annaei
548 314 671 369 Senecae
691 311 820 384 epistulis
840 314 1001 370 moralibus.
1178 314 1241 378 607

71 493 97 546 te
115 489 179 546 istis
197 487 444 560 occupationibus,
469 486 611 544 maninus
630 486 735 558 eripe.“
771 483 854 543 Haec
871 503 939 543 cum
957 484 1089 562 legerem
1108 483 1245 560 equidem

71 596 130 636 non
145 576 238 635 haesi.
262 576 290 632 N
293 593 341 632 am
356 575 380 633 si
395 592 454 632 non
468 573 497 631 id
513 573 684 649 quaerimus
696 563 768 648 quid
777 573 915 633 debuerit
929 574 1027 633 dicere
1042 574 1179 651 scriptor,
1194 574 1245 633 sed

72 666 145 742 quid
156 664 284 724 senserit
294 664 448 723 studemus
463 663 648 740 intellegere,
662 663 735 721 haec
750 664 797 722 est
811 662 875 721 eius
891 663 1052 722 sententia:
1072 663 1161 739 „lure
1175 666 1245 738 peto

71 760 190 815 ate-
207 773 277 813 nam
294 753 342 813 fas
361 753 435 812 mihi
453 755 500 811 est
518 752 549 810 id
567 770 675 828 rogare
694 751 831 827 amioum,
851 752 930 826 quod
949 771 1003 826 pro
1018 753 1144 829 meipso
1159 771 1245 828 roga-

70 850 158 906 turus
177 863 243 904 sum
268 871 301 884 -
324 845 359 902 ut
376 845 408 900 te
427 842 575 901 subducas
595 836 865 916 occupationibus.“
903 840 1058 916 Significat
1080 842 1188 918 igitur,
1213 861 1245 900 se

71 952 189 1012 quoque
205 932 298 992 otium
315 950 379 991 esse
393 933 577 1006 rogaturum.
603 929 689 1000 Quod
702 931 831 990 fortasse
845 931 912 990 ideo
928 930 1100 991 Haasium
1114 931 1246 1009 offendit,

71 1024 143 1100 quia
162 1041 265 1081 omnes
284 1021 429 1097 epistulas
447 1023 517 1096 post
536 1018 663 1079 Senecae
688 1038 836 1079 secessum
861 1020 987 1096 scriptas
1012 1039 1076 1080 esse
1095 1021 1246 1080 censebat.

72 1113 131 1172 Sed
160 1131 196 1171 ex
223 1110 270 1170 his
303 1110 375 1186 ipsis
403 1110 503 1170 verbis
531 1108 747 1188 intellegimus,
774 1112 845 1168 ante
869 1128 1017 1169 secessum
1045 1129 1090 1185 op.
1117 1112 1155 1168 19
1181 1128 1246 1168 esse

72 1203 223 1277 scriptam.

162 1289 275 1348 Similis
294 1291 340 1348 est
361 1288 444 1348 locus
465 1289 534 1365 341:
562 1288 725 1361 „intellepa
749 1292 932 1361 quantum-te
949 1291 1011 1362 ipse
1029 1286 1114 1360 (num
1132 1290 1247 1348 turbam

71 1382 141 1439 alim
159 1377 332 1451 reliqueras)
351 1379 567 1450 superieceric.“
600 1375 687 1436 Certe
706 1377 779 1436 haec
794 1377 906 1436 Seneca
923 1378 973 1437 vix
992 1377 1112 1453 scripsit
1130 1377 1246 1438 Lucilio

72 1469 191 1528 Siciliae
210 1470 404 1543 procuratore
423 1467 476 1525 sed
495 1469 549 1524 aut
566 1469 637 1525 ante
655 1466 736 1524 illius
755 1467 995 1541 procurationem
1014 1466 1068 1525 aut
1085 1470 1154 1542 post
1173 1486 1248 1526 eam.

73 1559 117 1617 At
136 1560 244 1617 suntne
264 1556 329 1616 ideo
349 1555 561 1630 addubitanda,
579 1555 650 1631 quia
668 1574 727 1613 non
741 1556 892 1631 quadrant
909 1556 948 1615 ad
966 1557 1165 1616 recentiorum
1180 1575 1246 1616 oon·

71 1645 225 1707 iacturas?
250 1645 474 1705 Sententiarum
493 1645 627 1703 ordinem
645 1663 703 1702 non
722 1645 857 1704 turbant.

162 1738 200 1796 51
206 1757 231 1813 ,z
259 1734 423 1808 „Quomodo
443 1735 561 1807 pulsam
573 1738 677 1807 polest,
695 1736 737 1792 mi
754 1735 869 1794 Lucili:
888 1740 919 1793 tu
937 1737 1002 1794 istic
1019 1737 1107 1795 leudes
1121 1731 1248 1794 Aetnam
1351 1795 1354 1802 ,

71 1824 173 1900 [illum
200 1825 411 1883 nobilissimum
432 1822 551 1882 Siciliae
577 1820 717 1897 montem]
745 1822 841 1896 (quem
869 1842 960 1897 quare
987 1825 1091 1884 diser—it
1114 1824 1248 1884 Messala

70 1918 204 1981 unicum,
233 1916 293 1973 sice
317 1913 452 1986 Valpiirs,
479 1914 559 1987 apud
582 1917 736 1985 utrumque
759 1915 835 1972 enirn
857 1914 925 1986 ispi,
949 1931 1009 1972 nen
1032 1916 1156 1987 reperio,
1183 1931 1248 1972 cum

65 2006 202 2079 plurima
220 2004 282 2062 loca
300 2006 432 2062 evomant
448 2003 556 2075 ipncm‚
579 2019 638 2060 non
661 2005 773 2060 tantum
796 2003 885 2070 edita,
909 2004 984 2076 quod
1002 2004 1130 2062 crebrius
1149 2005 1247 2070 creuit,

70 2094 201 2152 uidelicet
218 2093 287 2165 quia
304 2093 382 2165 nnn
398 2092 431 2150 in
449 2092 623 2150 altissimum
642 2092 768 2162 effertur,
787 2093 838 2150 sed
856 2094 941 2151 eliam
963 2091 1118 2165 iacentia).·
1135 2110 1189 2150 nos
1202 2096 1247 2150 ut-

72 2198 354 2255 cumpnepossumus
363 2181 485 2238 contenti
493 2196 594 2239 sumus
603 2179 701 2246 Baiis,
715 2197 789 2253 quos
797 2185 914 2253 postero
924 2182 970 2240 die
983 2199 1072 2254 quam
1086 2182 1247 2256 adliperam

71 2273 186 2344 relicui,
205 2272 298 2329 locum
311 2271 345 2329 ob
364 2269 416 2328 hac
429 2269 624 2343 devitandum,
643 2286 709 2327 cum
721 2270 825 2330 lateat
838 2273 982 2343 quasdam
994 2271 1146 2330 naturales
1160 2272 1247 2338 doles,

71 2362 143 2434 quia
161 2361 247 2418 illum
265 2360 320 2418 sibi
339 2360 539 2418 celebrandum
557 2359 677 2416 lunuria
694 2360 879 2434 desumpsit.“

162 2448 264 2508 Verba
281 2449 383 2515 „illum
401 2448 612 2506 nobilissimum
624 2446 743 2507 Siciliae
760 2453 902 2507 montem‘
921 2468 973 2508 cur
992 2467 1115 2523 prorsus
1130 2449 1248 2508 Haase

72 2538 205 2615 eiecerit,
229 2537 344 2595 nullam
362 2536 500 2594 idoneam
519 2535 637 2595 invenio
658 2553 787 2595 causam.
824 2536 907 2606 Quae
926 2541 1093 2613 sequuntur
1111 2538 1248 2597 secundis

72 2627 154 2686 curis
169 2627 282 2685 iudicat
296 2644 362 2685 esse
377 2624 489 2684 addita.
522 2624 563 2683 At
577 2624 648 2700 quid
663 2624 707 2684 ibi
721 2624 761 2684 sit
775 2627 972 2703 supplendum
987 2629 1108 2701 praeter
1122 2647 1158 2686 ea
1172 2646 1248 2703 quae

73 2716 204 2793 legimus
222 2734 282 2774 non
300 2714 453 2791 intellego.
481 2713 622 2773 Fortasse
642 2713 745 2774 minus
758 2715 930 2774 necessaria
947 2715 1097 2775 videntur.
1124 2716 1159 2774 Id
1178 2734 1248 2774 con-

72 2806 156 2864 cedo.
190 2804 248 2863 Sed
266 2803 380 2879 aliquid
398 2802 435 2861 ad
455 2803 571 2862 Aetnae
590 2803 767 2862 vocabulum
792 2806 864 2878 puto
883 2804 987 2864 statim
1005 2823 1071 2864 esse
1090 2804 1246 2865 adiectum.

73 2893 242 2969 Opponitur
256 2893 336 2952 enim
351 2892 450 2951 Aetna
464 2892 556 2968 Baiis,
573 2891 609 2951 de
623 2910 683 2967 qua
696 2892 771 2952 urbe
784 2893 850 2968 ipsa
864 2912 982 2970 quoque
995 2894 1134 2969 pluribus
1148 2895 1248 2954 verbis

73 2984 184 3058 agitur.
214 2983 255 3041 At
275 2981 498 3058 compositionis
518 2981 706 3040 desideratur
725 2981 916 3042 concinnitas.
946 2983 1046 3042 Recte.
1075 2983 1133 3042 Sed
1152 2985 1248 3043 multo

75 3072 179 3131 durior
198 3071 233 3130 fit
251 3074 405 3130 structura
423 3069 476 3128 illo
496 3071 650 3130 enuntiato
669 3089 791 3145 prorsus
806 3071 908 3131 eiecto.
938 3071 1098 3147 Scriptoris
1112 3072 1188 3130 illud
1203 3077 1249 3132 est

73 3161 192 3237 vitium,
211 3178 270 3219 non
285 3159 417 3219 editoris.
446 3159 604 3234 Epistulae
623 3160 703 3218 sunt.
733 3160 843 3219 Rerum
862 3164 963 3220 autem
982 3160 1054 3220 ordo
1072 3181 1133 3221 non
1150 3161 1248 3237 magis

72 3250 217 3309 turbatur
236 3268 324 3325 quem
345 3248 482 3308 omnibus
500 3248 790 3324 interpositionibus,
817 3269 892 3326 quas
912 3249 1031 3325 saepius
1052 3251 1179 3310 orationi
1199 3251 1249 3310 Se-

72 3358 147 3398 neca
164 3338 291 3397 infulsit.
300 3330 325 3419 ¹)
1018 3401 1022 3409 ,

162 3428 276 3488 Eodem
295 3428 361 3487 loeo
380 3427 474 3487 habeo
494 3426 569 3486 duas
589 3427 664 3486 alias
683 3427 936 3504 interpositiones,
956 3447 1030 3504 quas
1044 3428 1145 3488 Haase
1165 3429 1248 3489 uncis

72 3516 209 3576 rotundis
227 3517 362 3576 inclusit:
392 3520 410 3577 7
414 3519 469 3595 824.
501 3534 573 3585 „nee
589 3519 624 3576 in
639 3520 808 3591 repositorio
829 3520 891 3578 eius
903 3522 1025 3592 pectora
1043 3520 1142 3577 noima
1161 3523 1249 3590 (totas

73 3609 150 3666 enim
163 3607 260 3666 cidere
272 3607 425 3680 fastidium
439 3605 491 3679 est)
506 3610 639 3680 eonpmta
647 3611 808 3681 ponentur:
822 3626 848 3680 q.
857 3611 901 3666 s.“
924 3606 984 3668 Suo
998 3607 1062 3667 loco
1077 3606 1125 3666 hic
1135 3606 1249 3666 Seneca

72 3695 213 3772 explicat,
233 3713 286 3754 eur
305 3694 412 3754 dixerit
430 3697 555 3762 „unium
567 3700 720 3769 pectora“,
744 3715 803 3754 non
825 3700 949 3764 ‚,aoes“.
987 3696 1071 3755 Alibi
1081 3687 1107 3776 2)
1131 3716 1248 3773 quoque

147 3866 174 3934 1)
195 3870 269 3935 95„:
292 3865 415 3920 Mullum
433 3865 553 3936 inpcnlis
570 3865 675 3930 sumac
694 3897 726 3905 —
745 3882 830 3935 quare
848 3872 938 3922 autem
956 3882 1013 3920 non
1029 3867 1139 3934 poardus
1157 3867 1248 3921 adicio

73 3942 100 3992 et
118 3936 274 4006 aliquorum
291 3936 386 4008 pulum
409 3935 516 3991 inrito?
543 3943 661 4006 quatuor
681 3939 776 4006 pondo
794 3943 819 3992 et
836 3939 964 3993 selibram
981 3938 1066 4004 fuisse
1084 3939 1195 3993 aiebant
1215 3969 1247 3978 -

73 4029 114 4079 „2
136 4007 306 4062 Posidonius
319 4023 375 4062 non
393 4012 502 4062 tantum
516 4010 735 4077 praeceptionem
749 4039 782 4048 —-
797 4010 869 4064 nlla
887 4010 958 4064 enim
976 4025 1026 4063 nos
1043 4010 1093 4063 lma
1110 4010 1192 4063 cerba
1206 4011 1249 4065 uti

68 4079 196 4149 prohibet
219 4109 254 4118 -
278 4077 361 4132 ibid:
380 4079 423 4132 iris
441 4080 542 4134 adiecit
560 4095 706 4136 causarum
720 4081 932 4151 inquisitionem,
952 4081 1148 4152 etpmolopiam‚
1166 4098 1248 4150 quam

72 4166 158 4220 quare
171 4150 259 4205 dicere
273 4165 323 4205 nos
336 4166 393 4204 non
407 4151 565 4219 audeamus,
582 4167 644 4206 cum
658 4153 841 4221 prammatici,
860 4152 981 4206 custodes
996 4152 1095 4206 Latini
1109 4153 1249 4220 samonis,

72 4238 123 4277 suo
150 4222 211 4276 inre
238 4222 280 4276 ita
307 4222 452 4290 adpellant,
479 4238 536 4276 non
562 4223 647 4292 uideo.
685 4229 777 4294 Μῦς
802 4223 936 4279 Pedcnem
954 4223 1161 4278 Albinovanum
1183 4241 1248 4278 nar·

72 4297 181 4417 &mrtem
203 4294 380 4348 audieramus
411 4324 442 4332 -
471 4293 530 4349 erat
553 4299 644 4348 autem
666 4296 808 4363 fabulator
831 4295 1046 4364 elepantissimus
1075 4325 1108 4333 —
1133 4295 1169 4348 al.
1199 4294 1247 4351 cfr.

75 4363 81 4375 '
118 4379 149 4416 ra
167 4382 195 4433 p.
206 4368 340 4419 soe-10.
1126 4428 1127 4431 Ἴ

147 4437 173 4504 2)
194 4440 283 4505 110„:
304 4436 363 4490 alia
377 4441 508 4504 pertenta
522 4437 651 4492 luxuriae
664 4437 721 4491 iam
734 4442 792 4492 tota
806 4437 942 4491 animalia
954 4436 1124 4504 fastidientis
1137 4441 1162 4490 et
1176 4443 1249 4492 ceria

72 4507 191 4562 mumma
209 4523 244 4562 ca
261 4507 380 4578 mapalis
397 4509 528 4577 elipmtis.
