2934 4966
399 336 440 389 De
462 335 491 388 L.
513 328 621 386 Annaei
639 329 761 386 Senecae
781 331 909 402 epistulis
929 334 1090 390 moralibus.
1262 338 1326 401 619

240 504 390 579 Denique:
414 505 461 563 Ne
480 494 676 580 (5155515155
697 520 733 559 ex
751 502 825 561 urbe
840 521 866 561 a.
883 504 923 562 58
938 505 1004 564 tota
1017 504 1153 564 incendio
1168 508 1328 583 absumpta

148 594 202 653 vix
223 592 356 668 potuisse
384 595 445 652 iam
471 612 549 653 anno
573 593 614 652 64
641 593 757 650 tantam
781 591 937 667 pecuniam
960 592 1070 653 Neroni
1093 594 1206 672 offerri,
1232 598 1327 656 consi-

149 685 256 741 derare
280 701 335 742 nos
359 684 445 743 iubet
469 683 628 759 Peiperus,
652 698 741 756 quam
765 684 932 756 opportuno
956 681 1020 741 loco
1044 683 1164 742 condita
1189 685 1229 743 sit
1254 686 1328 746 haec

149 772 268 831 colonia
287 771 458 832 mercatura
476 771 670 846 artificiisque
687 771 804 830 florens.
847 769 897 847 At,
916 771 1077 849 interrogo,
1097 772 1123 830 si
1141 791 1173 831 re
1192 793 1264 834 vera
1281 795 1326 834 re·

150 861 250 920 valuit
264 862 454 938 Lugdunum,
474 862 545 937 quid
564 877 637 936 opus
656 861 722 919 erat
736 862 797 917 tam
813 877 880 919 sera
893 860 1108 920 munificientia
1121 863 1238 921 cladem
1251 863 1327 924 VIII

148 951 237 1009 55515
257 950 385 1025 priorem
405 949 517 1009 solari?
547 948 671 1008 Publica
689 947 824 1007 aedificia
842 947 985 1024 Peiperus
1004 950 1170 1009 arbitratur
1187 971 1248 1012 non
1266 953 1326 1012 iam

148 1039 245 1098 fuisse
264 1040 384 1098 refecta.
424 1039 509 1108 Quod
529 1039 584 1097 etsi
603 1038 635 1096 in
653 1037 826 1096 universum
846 1039 993 1097 credimus
1013 1032 1086 1098 satis
1106 1058 1214 1100 causae
1232 1043 1326 1102 fuisse

147 1129 262 1187 iterum
282 1128 414 1187 subsidio
432 1128 571 1188 veniendi
590 1127 855 1203 Lugdunensibus,
881 1127 943 1186 illis
967 1129 1152 1203 temporibus
1175 1148 1235 1188 555
1257 1131 1325 1208 fuit,

149 1218 260 1294 quibus
272 1217 382 1276 Romae
397 1235 454 1276 non
470 1220 590 1276 tantum
603 1216 724 1292 publica
739 1216 790 1274 sed
804 1216 896 1275 etiam
910 1216 1030 1290 privata
1040 1217 1175 1277 aedificia
1189 1218 1324 1280 incendio

145 1325 272 1382 prorsus
292 1307 401 1366 hausta
420 1305 580 1364 reficienda
599 1307 692 1364 55555.

240 1394 365 1454 Carolus
384 1387 632 1475 Nipperdey¹)
652 1394 776 1452 eandem
795 1396 885 1469 atque
905 1393 1048 1470 Peiperus
1068 1398 1188 1455 secutus
1208 1400 1324 1458 senten-

147 1486 224 1543 tiam
243 1484 340 1543 Taciti
356 1485 447 1544 verba
460 1486 550 1558 putat
563 1501 629 1542 csse
649 1483 790 1541 mutilata
807 1487 838 1541 et
855 1483 896 1542 sic
913 1483 1087 1561 supplenda,
1108 1487 1144 1544 55
1160 1486 1324 1548 scribamus

145 1574 292 1642 „Cludere
307 1573 532 1646 Lugdunensem
551 1567 629 1648 <qao
643 1576 709 1630 5555
722 1576 781 1631 octo
796 1590 889 1631 55555
903 1589 937 1631 55
950 1575 1021 1632 arbe
1035 1579 1116 1633 55555
1116 1593 1136 1633 5
1154 1571 1248 1655 croi>
1255 1595 1325 1649 qao-

148 1665 267 1737 dropace
285 1681 310 1736 q
325 1667 376 1722 sf‘.
415 1662 457 1720 At
475 1664 541 1720 tum
561 1662 652 1720 etiam
672 1679 719 1719 res
738 1662 840 1736 gestas
860 1680 886 1719 a.
907 1663 947 1721 58
966 1681 1092 1721 narrans
1112 1664 1148 1722 de
1167 1665 1222 1723 bac
1241 1667 1324 1724 clade

149 1753 235 1828 loqui
249 1751 354 1810 debuit
372 1752 474 1826 itaque
491 1750 567 1808 duae
581 1751 706 1809 lacunae
721 1753 821 1808 essent
836 1753 896 1808 5555
883 1750 1020 1810 5.555(155
1051 1751 1135 1810 Idem
1150 1753 1297 1812 accidit
1272 1773 1324 1832 555,

152 1841 205 1916 qui
225 1841 270 1899 bis
289 1843 399 1915 putant
417 1840 563 1899 coloniam
577 1839 808 1914 Lugdunensem
827 1839 961 1899 incendio
981 1858 1046 1899 esse
1060 1844 1219 1920 vastatam,
1238 1844 1323 1902 annis

148 1933 191 1989 58
208 1933 238 1988 et
254 1923 345 2007 64s5.
378 1928 461 1997 Quod
482 1929 539 1988 etsi
554 1929 750 2003 crederemus,
768 1930 869 1986 tamen
885 1927 1014 1988 Senecae
1033 1930 1163 2004 epistula
1180 1951 1240 1990 non
1258 1953 1324 2007 per·

146 2020 260 2079 5155555
279 2018 316 2076 ad
335 2018 465 2093 priorem
485 2018 598 2076 cladem
618 2019 670 2076 sed
691 2018 727 2076 ad
746 2017 950 2092 posteriorem,
970 2018 1110 2092 quoniam
1129 2020 1202 2078 dicit
1219 2023 1324 2094 abique

146 2114 215 2167 tuac
230 2109 369 2180 quievisse
382 2125 468 2166 erma
483 2111 592 2179 lotoque
605 2108 697 2166 orbet
686 2112 832 2165 terrerem
845 2109 981 2165 recordat
970 2111 1025 2165 tem
1038 2108 1129 2180 faisse
1143 2103 1323 2191 (1151555555)

148 2198 238 2256 Anno
258 2197 336 2254 enim
357 2197 408 2268 58,
418 2195 534 2271 .'quod
525 2214 585 2254 ram
600 2194 688 2255 Ionas
697 2185 724 2274 ³)
744 2195 1042 2271 55555555551555
1033 2216 1065 2254 m
1079 2195 1223 2256 Armenia
1241 2218 1322 2259 acer-

145 2286 223 2345 rime
237 2286 393 2360 pugnabat
393 2305 429 2343 55
438 2275 466 2365 4)
482 2284 535 2344 55
527 2304 558 2342 m
574 2283 734 2343 Germania
748 2284 861 2342 bellum
876 2284 973 2344 denuo
988 2289 1148 2346 exarserat
1155 2277 1182 2366 5)
1212 2286 1288 2347 Oont
1275 2293 1323 2347 tra

145 2375 226 2435 bello
246 2375 422 2434 Armeniaeo
447 2373 581 2433 confecto
606 2375 745 2432 555563
771 2375 802 2432 55
821 2373 953 2431 Tiridate
972 2373 1133 2434 Armenias
1156 2395 1227 2451 rege
1251 2380 1322 2437 uta

146 2465 267 2523 Nerone
277 2463 425 2539 reciperet
435 2462 572 2521 diadema
582 2462 707 2521 Romam
718 2463 852 2537 prolecto
866 2465 931 2520 tant
934 2466 1027 2521 aerat
1040 2463 1072 2521 in
1087 2464 1158 2523 orbe
1172 2467 1321 2524 terrarum

145 2573 205 2630 pax
224 2557 314 2629 atque
335 2552 429 2628 quies,
448 2553 482 2610 ut
500 2551 661 2626 imperator
675 2550 782 2608 Ianum
801 2551 954 2625 geminum
973 2550 1072 2610 claudi
1090 2552 1215 2613 iuberet.
1222 2546 1247 2633 5)
1276 2556 1322 2613 Ex

144 2662 204 2719 quo
221 2642 349 2701 efficitur
363 2659 408 2716 ep.
425 2642 464 2700 91
487 2641 627 2716 scriptam
648 2657 713 2698 esse
733 2657 809 2698 5555
826 2641 867 2698 64
887 2641 1013 2699 exeunte
1031 2641 1080 2699 vel
1099 2659 1124 2699 a.
1141 2644 1191 2703 65.
1217 2641 1321 2720 Atque

149 2733 225 2790 mihi
240 2731 358 2790 videtur
373 2729 485 2788 Seneca
500 2732 613 2788 certum
628 2746 773 2787 annornm
791 2747 949 2786 numerum
967 2730 1085 2788 omnino
1104 2731 1237 2790 noluisse
1253 2750 1320 2791 con-

144 2821 285 2895 stituere,
311 2819 363 2878 sed
387 2837 437 2877 eos
463 2818 620 2893 complecti
639 2818 787 2876 humanae
805 2817 886 2877 vitae
905 2816 1026 2890 finibus,
1051 2819 1135 2878 cuius
1154 2823 1320 2880 extremum

144 2910 306 2970 terminum
325 2907 398 2966 alibi
417 2925 534 2983 quoque
552 2907 687 2966 nominat
705 2925 815 2965 annum
834 2900 1070 2986 centesimum.⁷)

235 2997 300 3066 Quo
319 3014 457 3056 concesso
478 2999 543 3057 tota
562 2996 721 3056 collabitur
740 2995 885 3070 Peiperi
904 2996 1133 3073 argumentatio,
1157 2999 1208 3073 qui
1227 3000 1265 3058 ab
1285 3019 1320 3059 ea

144 3087 297 3148 sententia
315 3103 501 3162 progressus,
517 3104 562 3160 ep.
578 3087 617 3144 91
636 3085 778 3161 scriptam
793 3102 859 3143 esse
874 3103 950 3143 anno
966 3086 1018 3161 58,
1037 3103 1138 3145 omnes
1153 3086 1228 3146 alias
1242 3089 1320 3148 circa

143 3178 225 3236 idem
244 3179 362 3250 tempus
382 3193 448 3233 esse
467 3173 647 3249 compositas
665 3177 790 3233 conatus
810 3176 856 3232 555
874 3174 1087 3253 demonstrare,
1105 3194 1143 3233 ne
1162 3181 1337 3252 cogeretur.

143 3269 279 3325 statuere
295 3264 431 3323 ordinem
446 3281 510 3322 esse
525 3263 744 3339 perturbatum,
758 3263 921 3338 neglegens
932 3264 1007 3337 ep.8
1022 3282 1082 3322 non
1096 3281 1161 3323 esse
1177 3265 1319 3341 scriptam

141 3355 201 3426 nisi
225 3372 301 3412 anno
322 3344 405 3431 62⁸)
444 3350 476 3410 Si
494 3370 564 3411 vero
584 3352 779 3426 probaremus
798 3354 898 3410 cetera
916 3351 997 3411 illius
1017 3357 1204 3430 argumenta,
1226 3355 1317 3414 Leh-

142 3441 265 3502 manni
279 3441 521 3517 reliquorumque
535 3440 608 3500 item
619 3444 792 3500 corruerent
801 3441 1047 3516 computationes.
1072 3442 1115 3500 At
1124 3462 1199 3518 quae
1214 3445 1320 3503 attulit

141 3532 333 3607 Peiperus,
352 3533 387 3588 ut
401 3529 581 3606 ostenderet,
595 3547 671 3605 quae
689 3530 722 3589 in
739 3529 787 3588 his
805 3529 891 3588 libris
911 3530 1053 3606 leguntur
1067 3549 1126 3589 non
1140 3549 1205 3590 5555
1220 3532 1319 3592 aliena

142 3622 181 3680 ab
206 3620 259 3678 illa
282 3621 398 3691 aetate,
421 3621 474 3677 aut
492 3637 529 3677 ea
547 3622 629 3693 sunt,
654 3638 730 3695 quae
755 3618 821 3677 aliis
845 3620 1031 3694 temporibus
1055 3619 1157 3679 eodem
1181 3621 1246 3680 iure
1269 3624 1317 3682 vel

140 3711 238 3770 multo
257 3708 359 3784 aptius
379 3708 436 3768 dici
456 3708 610 3783 potuerint
629 3712 682 3766 aut
701 3712 804 3783 aperte
822 3707 909 3767 falsa.

215 3952 241 4018 1)
260 3948 369 4004 Τ55.Α
372 3949 440 4003 ..ed
460 3948 673 4019 Nipperdey,
692 3949 756 4005 adn
776 3949 892 4004 adh..l

214 4024 304 4091 2).ep
320 4020 513 4086 913).1
528 4021 547 4075 1
566 4039 593 4090 p
609 4027 650 4075 63.
724 4023 752 4091 4)
771 4022 837 4074 Τ55
855 4019 887 4075 Α.
907 4018 973 4072 XIII
988 4026 1102 4076 34—41

214 4093 327 4162 aaa
346 4058 379 4144 I
400 4024 525 4147 55154
600 4093 628 4163 s)
647 4092 722 4148 sset
742 4093 808 4146 uer
829 4097 870 4145 14.

215 4166 295 4232 7)ep
261 4168 393 4233 5.,,74.
412 4163 550 4218 honestam
568 4167 653 4220 eitam
672 4181 705 4218 55
723 4170 829 4218 ecoctam
848 4180 985 4218 canoram
1002 4180 1115 4219 5555555
1133 4165 1165 4218 15
1183 4171 1316 4234 pacatam

140 4237 212 4292 colec
231 4235 414 4303 corripcqc.
452 4232 518 4287 dial.
547 4235 572 4287 X
600 4235 635 4290 de
662 4234 738 4289 brev
767 4236 815 4290 vit
836 4242 881 4305 3,:
906 4236 1059 4304 peruenisse
1082 4241 1107 4290 te
1129 4238 1166 4290 od
1189 4238 1315 4291 51515555

141 4308 241 4363 aetatis
259 4306 395 4360 55555555
412 4305 547 4373 uidemur,
575 4312 634 4360 ceat
634 4308 733 4362 ecimus
753 4308 805 4362 5151
823 4275 864 4361 uei
881 4323 968 4374 sapic
982 4309 1118 4376 premitur
1136 4309 1314 4363 55555515

138 4378 204 4431 Tac
225 4375 291 4430 dial.
313 4382 360 4430 17.
385 4380 491 4430 centum
510 4383 534 4431 et
551 4380 652 4446 5151551
671 4379 741 4432 cani
759 4379 794 4432 ab
813 4379 928 4433 15155155
948 4375 1136 4433 0155551515
1153 4381 1227 4433 hanc
1245 4381 1315 4434 diem

140 4449 320 4519 colliguntur,
338 4448 423 4501 55155
440 4448 620 4505 1555515155
576 4456 651 4505 aetas

213 4518 314 4589 a.)cfr
335 4535 466 4589 suprap.
481 4523 533 4573 614
552 4520 616 4574 adn.
632 4528 656 4574 9.
