2934 4966
303 331 344 386 De
363 333 393 386 L.
413 331 525 386 Annaei
545 331 668 386 Senecae
687 328 816 400 epistulis
835 329 998 411 moralibus.
1175 330 1240 395 609

64 523 151 565 saum
164 505 336 563 intenderit“
350 501 527 561 trahendam
542 519 607 560 esse
622 500 660 559 ad
674 501 821 568 „doloris“
835 500 1021 575 vocabulum,
1037 501 1116 576 quod
1129 501 1241 577 legitur

65 593 94 671 ,S
112 596 166 653 13:
185 594 280 661 „levis
299 596 340 651 est
357 593 471 658 dolor“,
490 592 603 657 „levem
622 591 713 657 illam,
737 592 808 650 droa
819 594 925 664 palos,
944 592 1066 663 facies“.
1105 589 1191 660 Quod
1216 592 1241 649 si

65 702 171 744 verum
187 685 274 760 esset,
293 680 357 740 sine
376 680 467 740 dubio
483 680 597 739 Seneca
610 699 670 738 non
684 678 809 738 dixisset
823 679 854 737 in
867 679 963 737 altera
977 679 1125 738 enuntiati
1139 682 1239 755 parte:

64 775 111 841 „si
134 789 165 831 ee
188 776 288 830 contro
306 772 459 830 dolorem
475 787 561 829 swam
578 771 751 828 memoror
774 768 839 827 sed:
868 771 912 844 {si
929 786 960 827 se
978 772 1079 827 contra
1101 786 1175 827 eam
1192 771 1236 828 in·

65 862 213 922 tenderit‘.
250 859 370 920 Diversi
392 859 487 935 igitur
510 861 581 917 sunt
599 859 686 925 „illm
705 861 736 917 et
753 859 881 925 „dolor“.
914 855 1021 916 Restat
1043 860 1078 917 ut
1095 859 1182 925 „dle“
1200 858 1241 917 sit

63 954 171 1020 „timor
188 951 304 1024 fetard‘
321 947 409 1009 modo
428 949 609 1007 memoratus
629 944 658 1022 ἓ.
675 949 716 1006 14
735 951 782 1014 „et
798 948 893 1019 falari
911 948 996 1005 timor
1014 965 1038 1019 q.
1055 951 1108 1008 s.“.
1136 947 1241 1022 Neque

65 1058 172 1099 sensus
192 1039 302 1097 obstat.
340 1037 522 1112 Saepissime
541 1036 621 1094 enim
640 1035 753 1096 Seneca
770 1034 911 1111 ostendit,
935 1036 972 1094 nt
989 1035 1085 1094 futuri
1103 1036 1242 1095 timorem

64 1130 228 1205 vincamus,
248 1127 380 1186 dolorem
395 1143 460 1185 esse
475 1126 733 1185 contemnendum.
767 1124 869 1185 Timor
883 1127 914 1184 et
928 1124 1013 1183 dolor
1026 1124 1147 1201 cognati
1162 1130 1241 1184 sunt.

64 1218 144 1296 „Sed
163 1236 230 1276 cum
254 1215 498 1275 antecedentibus
523 1214 601 1273 male
624 1215 697 1274 haec
721 1216 792 1274 suut
814 1207 997 1273 coniuncta.“
1033 1213 1099 1289 Ego
1123 1232 1241 1290 quoque

64 1306 244 1382 particulam
269 1305 418 1381 quandam
442 1303 591 1380 desidere,
619 1323 679 1378 qua
701 1303 755 1362 fiat
777 1302 922 1363 transitus
949 1302 986 1361 ad
1010 1303 1242 1377 praeteritorum

65 1397 202 1455 dolorum
221 1393 462 1470 conquestionem
487 1394 539 1452 sed
563 1392 673 1451 iamin
691 1392 936 1453 antecedentibus
956 1393 1071 1451 haereo.
1110 1391 1242 1451 Offendit

66 1505 114 1543 me
133 1488 303 1560 temporum
321 1482 450 1541 mutatio
469 1483 500 1539 in
518 1481 629 1541 verbis:
652 1486 733 1550 „tom
750 1484 837 1541 miser
856 1485 906 1540 ost
924 1483 1042 1554 qumque
1060 1499 1149 1554 quom
1167 1500 1241 1540 cre-

67 1576 188 1634 oldam
224 1571 368 1631 Desidere
388 1572 543 1647 utriusque
561 1571 646 1630 verbi
669 1572 789 1646 tempus
812 1589 963 1645 praesens.
1003 1568 1034 1627 Si
1053 1588 1124 1630 vero
1145 1589 1243 1629 emen·

66 1663 218 1721 dabimus:
245 1661 412 1720 OREDIT
428 1679 463 1718 ex
483 1659 705 1726 CREDIDIT,
726 1661 797 1735 quid
816 1659 869 1718 fiet
888 1658 1003 1718 duabus
1027 1677 1104 1734 quae
1127 1661 1244 1718 restant

67 1751 200 1811 litteris?
228 1751 263 1809 In
283 1750 325 1809 eis
344 1750 439 1809 latere
457 1752 532 1824 puto
551 1750 730 1823 particulam
748 1749 909 1816 „ITEM
947 1749 1025 1805 Tum
1044 1749 1144 1807 omnia
1162 1752 1243 1807 recte

66 1841 237 1916 procedent.
273 1839 338 1898 Hoc
356 1839 382 1897 si
400 1838 474 1898 mihi
493 1837 618 1915 dabitis,
644 1838 813 1913 negandum
837 1841 897 1914 est,
922 1838 1001 1914 quod
1021 1837 1177 1896 Bartsch
1197 1843 1243 1897 est

67 1930 245 2006 suspicatus,
264 1928 357 1989 verba
370 1928 423 1986 illa
438 1929 558 2004 sumpta
572 1946 638 1986 esse
653 1947 688 1986 ex
702 1927 770 1986 aliis
784 1927 894 1986 litteris
909 1930 940 1986 et
954 1926 1071 1985 adiecta
1085 1927 1122 1985 ab
1137 1926 1243 1986 amieis

70 2023 233 2095 postquem
250 2018 283 2076 hi
300 2017 372 2075 libri
391 2020 491 2076 essent
510 2008 624 2095 editi.¹)

158 2109 240 2186 31:1²
270 2107 355 2174 „Hoc
373 2107 479 2178 oliqois
497 2108 572 2164 enter
594 2107 647 2164 illa
669 2110 819 2173 numerat,
843 2123 916 2178 qaae
937 2106 1069 2164 videmur
1090 2107 1244 2178 inopinata

67 2199 201 2256 matoes
219 2198 313 2256 dicere
331 2189 511 2268 (παράδοξα
526 2193 633 2254 Graeci
650 2195 797 2268 cocant).“
828 2193 911 2253 Haec
929 2192 1047 2252 Haase
1066 2196 1171 2268 postea
1190 2194 1241 2253 ad-

67 2288 131 2345 dita
146 2304 211 2344 esse
226 2287 334 2344 censet.
365 2282 423 2343 Sed
438 2284 463 2342 si
478 2283 597 2343 omnino
611 2283 724 2343 talibus
738 2283 768 2342 in
787 2283 877 2343 rebus
892 2281 1070 2359 offendebat,
1094 2302 1147 2341 cnr
1164 2284 1243 2344 hunc

67 2375 257 2452 potissimum
286 2374 385 2433 locum
410 2371 548 2433 secundis
573 2374 652 2432 curis
679 2375 768 2448 putat
792 2372 955 2444 adiectum,
984 2391 1051 2431 cum
1078 2373 1242 2432 sexcenties

69 2464 180 2524 similia
194 2465 353 2522 occurrant
367 2461 447 2537 apud
461 2461 588 2521 eundem
606 2463 782 2538 scriptorem
801 2461 926 2537 adiecta,
945 2464 979 2519 ut
994 2461 1085 2519 verba
1098 2461 1245 2521 inusitata

68 2553 290 2629 explicarentur
296 2543 333 2632 ²),
351 2555 386 2610 ut
400 2553 589 2627 praeteream
604 2549 752 2610 Ciceronis
767 2550 974 2626 philosophiae
987 2549 1081 2610 libros
1096 2550 1243 2610 similibus

67 2641 334 2701 interclusionibus
352 2641 480 2700 refertos
491 2631 540 2720 ill?

124 2753 282 2760 ..—-————

144 2812 170 2880 l)
190 2809 282 2879 Atque
298 2809 430 2878 qnoniam
446 2809 543 2864 eontra
557 2808 776 2864 Bartschium
790 2826 916 2879 pugnare
931 2809 1020 2880 coepi,
1038 2809 1117 2864 alind
1132 2826 1242 2878 quoqne

69 2881 168 2937 statim
187 2882 342 2950 expediam.
380 2880 430 2934 Ille
450 2880 523 2935 enim
542 2882 575 2935 ut
593 2897 671 2935 suam
690 2879 804 2935 fulciret
821 2880 1011 2935 coniecturam
1031 2896 1145 2949 operam
1165 2881 1245 2936 dedit

69 2957 103 3008 ut
131 2951 292 3008 ostenderet
317 2952 387 3006 alios
413 2968 523 3020 quoque
551 2952 627 3005 locos
654 2969 688 3006 ex
713 2952 813 3005 alienis
839 2951 969 3020 epistulis
995 2951 1031 3006 ab
1058 2950 1155 3005 amieis
1181 2969 1243 3006 esse

69 3026 190 3093 additos,
209 3025 287 3078 velut
304 3028 352 3094 243
372 3023 451 3090 „Nec
464 3025 515 3079 dia
529 3024 650 3092 eaempla
722 3025 838 3091 impetus
855 3024 976 3092 nedoni&
1013 3023 1079 3076 Tria
1098 3023 1243 3078 Bartsch

68 3103 107 3167 (p.
130 3100 173 3163 15)
201 3095 282 3149 affert
309 3095 487 3162 argumenta3
515 3096 649 3163 primum:
677 3095 752 3148 idem
781 3093 838 3149 iam
863 3092 920 3148 dici
944 3095 1037 3149 verbis
1063 3094 1243 3162 sequentibus

68 3172 281 3237 „contcmptores
299 3182 391 3219 eoram
409 3166 491 3220 cita“.
529 3164 631 3220 Verum
652 3167 702 3231 est,
722 3166 770 3220 sed
789 3166 942 3234 repetenda
956 3171 1017 3220 erat
1030 3165 1082 3218 illa
1095 3165 1243 3234 sententia,

67 3238 137 3308 quia
160 3236 304 3305 scriptoris
328 3237 417 3291 oratio
440 3236 589 3290 interiecta
615 3237 726 3306 longius
755 3239 816 3290 erat
838 3238 967 3303 evagata.
1004 3237 1065 3291 Hoc
1088 3236 1187 3304 quidni
1213 3238 1242 3290 in

69 3311 169 3365 eadem
189 3307 313 3377 epistula
331 3308 424 3377 potuit
442 3307 520 3362 fieri?
548 3307 667 3362 Deinde:
691 3309 858 3376 interrumpi
877 3308 1079 3362 sententiarum
1099 3324 1243 3364 conexum.

69 3384 109 3435 At
126 3379 275 3434 iubebatur
293 3378 417 3433 Lucilius
436 3377 562 3433 dolorem
586 3396 667 3432 suurn
692 3377 786 3432 meliri
809 3382 839 3432 et
860 3380 971 3446 taxare,
995 3382 1028 3434 ut
1050 3378 1174 3434 animum
1194 3380 1242 3433 ad-

68 3469 164 3508 versus
183 3469 246 3506 eum
265 3452 449 3506 confirmaret.
485 3449 546 3505 Hoc
564 3453 597 3504 ut
614 3451 720 3506 iaceret
733 3466 802 3519 opus
822 3452 884 3504 erat
901 3449 1042 3518 exemplis.
1080 3451 1175 3519 Neque
1193 3452 1244 3506 diu
1289 3486 1293 3495 ·

68 3543 102 3579 ea
120 3523 272 3593 collipcndo
290 3538 344 3576 esse
363 3522 432 3576 dicit
451 3520 570 3586 Seneca,
593 3539 656 3576 cum
678 3521 784 3591 passim
805 3524 960 3576 occurrant.
997 3522 1074 3587 Quae
1094 3522 1244 3576 durissima

69 3595 216 3660 ducantur,
237 3595 383 3647 enumerat
401 3594 433 3646 ut
446 3592 542 3661 addat,
561 3593 610 3662 qni
624 3592 678 3649 viri
691 3609 726 3647 ea
740 3593 797 3647 sint
810 3609 899 3662 aequo
914 3592 1008 3647 animo
1027 3591 1111 3661 passi.
1140 3592 1244 3647 Eorum

68 3666 234 3737 priusquam
252 3663 315 3732 ipsa
332 3662 448 3718 nomina
467 3665 563 3731 affert,
586 3665 688 3718 iterum
712 3664 782 3718 dicit
804 3681 860 3719 non
878 3666 938 3717 tam
956 3665 1113 3733 qaamenda
1131 3680 1165 3718 ea
1183 3681 1243 3719 esse

69 3754 155 3807 quarn
173 3736 305 3805 stipenda.
342 3734 398 3789 Ubi
423 3735 604 3804 perturbetur
631 3751 723 3789 rerum
743 3735 811 3790 ordo
831 3735 961 3802 equidem
980 3752 1036 3789 non
1055 3733 1145 3789 video.
1188 3734 1243 3789 De-

68 3810 168 3878 nique:
188 3805 281 3862 verbis
295 3813 364 3873 ,om
377 3807 490 3875 tapecia
505 3812 555 3861 aut
564 3809 706 3875 profectus
720 3811 770 3860 aul
783 3811 900 3875 impetus
912 3808 1027 3874 mapni“
1040 3822 1096 3860 non
1114 3805 1243 3877 intellegi

69 3896 152 3950 posse
176 3877 317 3945 homines,
340 3895 458 3946 quorum
481 3877 558 3932 facta
582 3878 682 3932 deinde
705 3881 909 3932 enumerentur.
948 3883 985 3932 At
1004 3877 1028 3931 si
1046 3893 1101 3932 non
1120 3877 1176 3946 ipsi
1194 3876 1243 3931 ho-

68 3953 158 4005 mines
178 3951 304 4004 attamen
324 3949 479 4004 animorum
499 3949 618 4004 virtutes
638 3966 733 4003 eorum
753 3947 955 4017 significantur.
993 3949 1067 4016 Ergo
1087 3949 1173 4003 verba
1191 3947 1243 4003 illa

68 4039 125 4076 non
144 4024 209 4074 sunt
227 4018 427 4075 addubitanda.
460 4019 501 4075 De
519 4021 604 4075 tertio
619 4021 681 4075 loco
696 4020 820 4074 eiusdem
836 4019 947 4089 generis
961 4020 1045 4090 (⁸⁸12)
1060 4019 1133 4074 inira
1148 4036 1241 4090 agam.

140 4095 169 4159 2)
190 4091 267 4145 velut
281 4097 353 4162 8210:
372 4092 444 4160 qaod
457 4097 568 4146 monem
581 4093 654 4146 inter
667 4093 855 4160 indifferentia
865 4093 1006 4161 ponimus,
1019 4108 1088 4160 quoe
1102 4092 1243 4159 ἀδιάφορα

71 4165 173 4219 Graeci
194 4168 300 4217 cocant.
342 4166 415 4233 88:0²
444 4164 680 4232 quemadmodum
694 4166 790 4231 prima
818 4164 883 4229 illa,
910 4168 942 4216 at
964 4163 1075 4231 antiqui
1099 4163 1243 4229 vocabant,

69 4239 235 4291 litteratura.
273 4239 332 4304 ⁸92²
361 4233 507 4303 Sapientia
530 4240 568 4288 est
593 4252 674 4305 quam
695 4235 795 4289 &oeci
818 4234 918 4301 (οφίαν
940 4241 1046 4289 cocant.
1083 4234 1145 4288 Hoc
1164 4235 1243 4289 verbo

69 4307 315 4430 Romcngdouoque
333 4306 489 4372 utebantur,
513 4308 584 4360 sicat
603 4307 780 4375 philosophia
805 4322 881 4360 nuno
904 4321 1007 4374 qaoque
1029 4310 1156 4359 utuntur.
1194 4306 1242 4360 cir.

93 4384 165 4434 ‚607
223 4396 249 4431 n.
270 4383 293 4431 l.

70 4398 89 4450 p
143 4449 221 4573 3I)ut
242 4464 335 4516 panca
353 4447 471 4517 eligam:
499 4446 547 4502 Ac.
566 4448 610 4501 Pr.
629 4446 656 4500 H
676 4454 717 4502 17.
742 4454 785 4502 54.
819 4448 859 4503 De
878 4446 939 4501 rin.
959 4446 1055 4501 11133.
1078 4450 1120 4503 45.
1141 4452 1183 4503 et.
1208 4447 1243 4502 de

68 4520 130 4576 ΝΒ.
181 4524 222 4575 50.
243 4524 285 4574 bb.
314 4519 580 4574 1129.4‘1.58.de
609 4519 873 4578 Div.11111.142.
901 4518 962 4574 Fet..
984 4520 1085 4572 11etc.
