2934 4966
239 335 305 399 630
612 296 614 301 ⁸
661 337 796 391 eenricus
816 336 993 406 augensem:

238 505 298 564 iam
313 523 348 562 eo
363 523 557 577 commoveor,
576 505 654 580 quod
672 523 835 581 numquam
855 504 892 564 ad
910 506 1041 583 reliquas
1061 505 1206 581 epistulas
1222 509 1342 582 spectat
1356 506 1415 566 nisi

239 593 291 652 ubi
310 594 392 652 aliud
411 612 518 668 corpus
538 594 733 669 epistularum
752 594 871 655 videtur
890 595 1066 673 significare,
1084 595 1169 655 velut
1189 598 1257 674 16⁶:
1277 595 1337 654 Sed
1354 614 1415 655 oon

239 688 280 742 est
296 701 374 742 memo
396 686 428 764 io
445 685 519 741 loebe
537 684 759 757 disputationem
778 686 995 752 transeundum,
1019 686 1088 758 quid
1110 687 1148 743 sit
1165 687 1241 744 luris
1259 688 1362 752 bostri,
1387 688 1415 744 si

233 774 420 846 providentio
439 775 471 831 m
485 775 604 846 imperio
619 777 666 832 cst.
686 777 717 832 et
732 775 800 852 268:
826 772 889 832 Seis
907 776 990 832 'emim
1008 791 1079 832 orco
1096 778 1173 832 ulcr.
1206 775 1355 847 Exspecto
1368 792 1416 832 me

234 863 387 936 pusillum,
407 866 432 918 ct
450 863 484 920 dc
502 863 584 919 domo
602 864 651 934 fiet
667 865 845 922 memoratio:
867 865 983 922 iuterim
1001 864 1188 922 commodabit
1206 863 1368 936 Μέθανα)

328 950 443 1008 Deinde
457 970 475 1009 a
489 950 611 1025 reliquis
626 951 710 1010 libris
725 950 814 1026 primi
828 953 890 1010 tres
906 971 940 1011 eo
953 955 1023 1011 sunt
1033 951 1173 1027 distincti,
1187 953 1266 1027 quod
1283 953 1414 1029 singulis

239 1039 373 1098 adiectae
392 1042 462 1098 sunt
481 1058 657 1115 magnorum
673 1040 805 1100 virorum
821 1058 906 1100 voces
926 1042 1107 1117 praeclarae.
1139 1040 1241 1116 Atque
1255 1042 1313 1100 hae
1328 1042 1413 1117 ipsae

239 1131 320 1187 certo
335 1129 464 1205 quodam
478 1129 596 1188 vinculo
611 1129 778 1189 cohaerent.
806 1130 969 1206 Postquam
984 1130 1063 1188 enim
1078 1132 1111 1208 25
1126 1129 1268 1189 indicavit
1283 1132 1415 1206 scriptor

239 1217 334 1275 solere
345 1236 375 1276 se
387 1217 493 1277 cotidie
504 1236 596 1276 uuum
611 1218 723 1293 aliquid
739 1237 903 1297 excerpere,
921 1219 1067 1293 paulatim
1086 1218 1174 1295 fingit
1191 1237 1306 1278 morem
1323 1238 1413 1296 quen-

239 1306 417 1383 dematque
440 1307 538 1384 legem
563 1307 618 1364 sibi
642 1307 806 1384 exstit-isse,
830 1312 865 1366 ut
888 1308 992 1382 cuique
1017 1308 1164 1382 epistulae
1189 1308 1247 1366 diei
1267 1309 1414 1384 cuiusque

238 1395 380 1454 lucellum
399 1396 586 1471 adiungeret,
605 1395 643 1454 ad
662 1415 749 1472 quem
768 1415 880 1455 morem
899 1398 1012 1472 passim
1031 1397 1141 1455 diserte
1161 1396 1290 1472 respicit.
1332 1398 1414 1457 Luce

238 1485 348 1543 clarius
363 1488 417 1561 est,
435 1487 508 1543 haec
527 1485 626 1544 omnia
644 1486 796 1544 artissime
814 1486 894 1544 inter
913 1505 944 1544 se
959 1504 1024 1544 esse
1038 1484 1204 1545 coniuncta.
1233 1486 1322 1544 Nunc
1337 1487 1414 1544 illud

238 1593 354 1649 quoque
369 1574 464 1632 adicio
479 1593 524 1649 ep.
540 1575 581 1633 29
596 1578 718 1649 propter
732 1571 761 1648 ἓ.
779 1566 854 1655 101)
868 1575 963 1633 totius
978 1574 1109 1650 corporis
1125 1575 1220 1634 videri
1234 1575 1413 1634 clausulam.

238 1661 352 1730 Quibus
371 1663 479 1721 addere
498 1681 656 1738 possumus
675 1661 805 1722 Senecae
828 1664 923 1738 ipsius
941 1664 1147 1722 testimonium
1166 1655 1270 1742 331²),
1299 1683 1414 1740 exque

238 1753 336 1810 elucet
345 1769 414 1809 eum
424 1752 522 1826 ipsum
531 1752 662 1812 voluisse
672 1752 727 1811 hos
737 1756 799 1812 tres
808 1753 901 1812 libros
912 1756 1066 1829 tamquam
1075 1772 1168 1811 unum
1178 1771 1285 1827 corpus
1298 1753 1414 1814 haberi.

329 1841 440 1899 Tamen
459 1841 674 1900 sententiarum
693 1841 796 1900 ordine
814 1842 846 1901 in
865 1842 1036 1902 universum
1052 1841 1275 1900 accuratissime
1290 1848 1413 1902 ser‘vato
1458 1917 1461 1923 .

240 1929 357 2007 accidit,
376 1933 410 1988 ut
428 1929 546 1989 facilius
565 1948 786 2006 cognoscamus,
805 1949 880 2006 quae
896 1931 924 1988 ei
938 1932 1106 2006 repugnent
1124 1933 1178 1988 aut
1196 1931 1321 1989 turbent
1340 1936 1415 1990 tem-

238 2019 320 2094 poris
339 2019 481 2078 ordinem.
513 2019 559 2078 Ea
576 2037 655 2078 nunc
673 2038 848 2079 enumerare
866 2020 897 2077 in
916 2019 1013 2078 animo
1033 2022 1086 2078 est.

327 2107 435 2184 Legite
449 2126 559 2185 quaeso
575 2127 619 2183 ep.
636 2111 664 2167 8.
693 2109 733 2168 Et
746 2110 802 2168 hac
817 2112 848 2167 et
862 2126 907 2186 ea,
922 2127 997 2185 quae
1012 2108 1170 2179 antecedit,
1184 2107 1271 2166 iubet
1284 2110 1415 2185 scriptor

239 2196 359 2256 turbam
378 2197 477 2256 vitari.
513 2197 596 2255 Idem
620 2203 830 2273 argumentum
850 2198 895 2257 bis
915 2199 1071 2256 tractatur.
1107 2196 1231 2271 Aliquid
1249 2200 1353 2256 tamen
1372 2199 1415 2257 in·

239 2288 342 2344 terest.
374 2285 410 2343 In
426 2288 443 2344 7
459 2285 522 2362 ipse
536 2286 655 2345 videtur
673 2286 770 2345 adhuc
788 2287 895 2345 turbae
913 2286 1054 2361 periculis
1074 2304 1139 2344 esse
1158 2279 1346 2366 obnoxius.³)
1379 2287 1416 2345 Iu
1459 2316 1461 2321 .

241 2377 261 2434 8
280 2394 368 2432 suum
386 2374 480 2448 ipsius
498 2375 638 2450 proponit
657 2367 867 2455 exemplum.⁴)
896 2373 993 2442 Quid?
1013 2393 1111 2432 nonne
1129 2374 1198 2433 inde
1217 2375 1323 2452 elucet,
1343 2376 1417 2451 quid

241 2481 348 2523 causae
367 2463 467 2539 fuerit,
490 2481 544 2522 cur
563 2464 706 2523 scriberet
725 2464 884 2539 epistulam
904 2462 1060 2522 octavam?
1093 2461 1244 2520 Nimirum
1264 2463 1417 2523 intellexit

241 2553 444 2611 adhortationi
462 2552 507 2610 illi
527 2554 633 2612 turbae
652 2553 791 2612 vitandae
814 2553 957 2611 maiorem
983 2552 1047 2611 fore
1065 2553 1125 2610 vim
1145 2551 1238 2626 ipsius
1258 2554 1416 2627 proposito

241 2642 385 2717 exemplu.
414 2641 499 2710 Quod
512 2660 578 2699 cum
588 2642 619 2699 in
631 2644 648 2700 7
660 2660 721 2701 non
729 2641 925 2717 proposuerit,
937 2641 1056 2700 videtur
1067 2644 1137 2699 tunc
1147 2640 1278 2698 nondum
1289 2660 1416 2715 prorsus

240 2729 427 2789 recessisses
437 2729 607 2805 republica,
622 2731 679 2789 etsi
689 2733 723 2788 ut
736 2731 889 2789 recederet
903 2729 1034 2789 animum
1044 2730 1172 2789 fortasse
1183 2729 1243 2786 iam
1252 2729 1380 2790 induxit.
1388 2724 1415 2810 ⁵)

240 2818 348 2895 Itaque
370 2822 390 2879 8
411 2822 446 2878 ut
467 2818 608 2893 scriptum
631 2830 696 2878 esso
720 2820 838 2878 credam
863 2819 966 2879 statim
990 2823 1059 2894 post
1081 2819 1307 2877 antecedentem
1330 2820 1418 2878 nulla

240 2927 273 2967 re
292 2927 414 2983 possum
432 2907 620 2968 commoveri.
652 2908 781 2967 Necesse
800 2911 847 2967 est
865 2908 987 2983 aliquod
1006 2908 1135 2982 spatium
1154 2907 1233 2965 inter
1252 2911 1417 2983 utrumque

240 2997 432 3057 intercedere.
460 2997 591 3070 Accedit,
602 2997 680 3073 quod
692 2998 724 3075 8ἵ
734 2998 857 3065 „adbuc
867 2997 974 3071 iuquit,
988 2996 1152 3069 quicmmm
1163 2991 1417 3077 compllomcs‚“⁰)

242 3090 273 3145 et
291 3087 380 3161 paulo
400 3090 469 3161 post
486 3083 513 3161 ξ.
530 3088 562 3146 8:
589 3086 704 3154 „Potest
725 3088 800 3158 fieri,
818 3090 852 3144 cot
868 3103 913 3143 me
931 3088 1095 3159 interroges,
1119 3103 1209 3158 quaro
1227 3087 1263 3144 ob
1282 3085 1418 3158 Epicuro

242 3180 302 3234 tom
319 3176 411 3235 mullo
429 3177 497 3234 bomo
518 3177 595 3234 dioto
617 3177 744 3249 referum
764 3177 864 3249 potius
886 3193 974 3248 quom
991 3178 1184 3233 eosto·orcom.“
1224 3173 1420 3234 laudaverat

242 3269 343 3324 autem
363 3267 452 3324 antea
470 3264 631 3340 Epicurum
656 3255 750 3343 bis7),
775 3265 868 3323 semel
889 3264 1008 3323 nomine
1033 3253 1192 3343 omiss0⁸)‚
1216 3261 1419 3337 Pomponium

244 3344 377 3431 semel⁹)‚
394 3353 577 3413 Hecatonem
591 3352 723 3413 Stoicum
737 3352 783 3412 bis
792 3345 837 3428 10),
851 3352 1056 3411 Democritum
1071 3352 1162 3411 semel
1170 3342 1217 3431 ¹¹),
1232 3370 1419 3427 anonymum

243 3444 344 3502 semel.
353 3434 392 3522 12)
429 3443 536 3518 Itaque
555 3442 701 3501 absolutis
726 3442 844 3501 demum
863 3440 1066 3501 voluminibus
1086 3440 1128 3499 sic
1145 3439 1245 3515 potuit
1262 3440 1359 3516 loqui:
1386 3442 1421 3501 in

243 3532 381 3607 epistulis
401 3532 479 3590 enim
500 3533 629 3591 11-29
650 3549 768 3607 semper
786 3530 1085 3606 laudat-Epicurum
1112 3548 1172 3588 non
1195 3547 1229 3587 eo
1252 3529 1332 3605 loce,
1355 3549 1421 3606 quo

243 3639 321 3680 nunc
330 3622 384 3680 has
399 3620 527 3696 legimus
542 3620 669 3680 litteras.
694 3619 782 3696 Quid,
793 3620 871 3695 quod
882 3622 915 3699 82
929 3623 1137 3693 ,posterorum
1151 3617 1255 3693 inquit,
1269 3622 1423 3691 oepottmm

243 3728 305 3784 opo.
341 3711 400 3769 e‘lb's
424 3711 533 3783 aliquo,
556 3727 630 3784 quoe
644 3712 760 3783 possim
772 3709 912 3783 prodesse
931 3710 1084 3771 conscribo.
1121 3708 1265 3766 solutores
1284 3708 1423 3769 admoni-

317 3881 343 3946 1)
362 3878 396 3933 Si
411 3879 543 3948 pudorem
561 3879 680 3946 haberes,
698 3879 854 3934 ultimam
872 3879 940 3934 mibi
954 3877 1112 3949 pensionem
1130 3876 1283 3932 remisisces.

316 3952 344 4021 2)
363 3950 412 4004 cfr.
432 3966 517 4018 supra
534 3968 562 4019 p.
578 3955 629 4003 602
648 3950 711 4004 adn.
727 3957 751 4004 3.

316 4027 343 4087 3)
364 4027 389 4092 ‘1¹
412 4022 556 4087 confitebor
574 4021 783 4076 imbecillitatem
801 4037 886 4076 meam
903 4038 928 4091 q.
942 4037 963 4075 s.

316 4096 342 4160 4)
362 4097 399 4162 81.
414 4130 435 4162 ‚.
455 4091 504 4146 cfr.
524 4109 607 4162 supra
626 4110 652 4162 p.
669 4098 721 4147 614
740 4091 803 4147 adn.
820 4098 844 4146 2.

317 4167 344 4233 6)
364 4170 391 4233 ’11
416 4163 489 4232 quod
513 4165 603 4234 oepris
626 4164 713 4219 comit
810 4164 860 4218 boc
886 4163 988 4218 occidit
1014 4163 1107 4230 nobis,
1134 4177 1248 4231 quorum
1271 4163 1363 4218 animi
1384 4183 1423 4221 cm

245 4236 325 4306 lompo
342 4235 434 4289 morbo
452 4235 621 4302 redduntur.

317 4308 344 4376 6)
364 4304 412 4360 cfr.
441 4303 472 4359 0.
496 4305 688 4373 Rossbach,
711 4306 746 4359 de
771 4303 890 4361 Senecae
911 4301 1077 4428 philosophi
1099 4303 1232 4358 librorum
1255 4307 1422 4363 recensione

246 4381 275 4432 et
294 4375 495 4431 emendatione.
524 4382 591 4431 1888
610 4377 708 4443 (Bresl.
726 4375 825 4446 philol.
846 4377 910 4431 Abh
931 4376 987 4446 lgg.
1007 4376 1020 4428 I
1047 4377 1074 4444 3)
1093 4393 1120 4444 p.
1136 4379 1178 4429 50.
1197 4380 1240 4428 64.

317 4453 345 4516 τ)
364 4453 402 4517 2⁶.
421 4453 471 4517 τι).
563 4452 651 4518 8)410
672 4448 720 4502 cu.
740 4454 794 4518 au.
886 4449 913 4516 e)
933 4453 971 4518 3).
1064 4448 1107 4516 ιο)
1126 4453 1163 4516 a.
1185 4452 1222 4516 a.

301 4520 345 4588 11)
364 4523 414 4589 ⁷11·
503 4521 546 4590 12)
566 4525 616 4590 ⁷11·
