2934 4966
384 317 425 369 De
444 315 473 369 L.
494 313 602 369 Annaei
622 314 744 368 Senecae
764 313 893 383 epistulis
912 313 1074 368 moralibus.
1249 314 1314 378 615

142 489 355 560 argumentum
372 476 496 564 lonas1)
521 485 613 542 nullis
637 484 738 543 allatis
761 483 859 543 causis
880 483 976 544 leuius
996 501 1060 542 esse
1078 482 1204 559 iudicat,
1225 502 1315 558 quam

143 593 179 633 ex
207 594 266 649 quo
292 573 428 650 vulgaris
459 573 656 647 epistularum
689 575 760 632 ordo
792 573 823 631 in
855 572 1053 648 suspicionem
1082 573 1234 632 vocandus
1267 572 1315 648 sit,

141 654 371 742 Schultess2)
400 663 472 721 dicit
500 680 518 719 a
545 662 632 720 Iona
660 666 691 720 et
717 662 915 722 Martensio
944 662 1018 720 satis
1047 679 1113 720 esse
1140 662 1320 732 refutatum.¹

141 744 312 831 Mancns³)
332 770 402 810 vero
422 751 496 810 haec
514 754 708 828 opposuerat:
734 751 878 827 epistulas
900 753 1006 810 1-29
1026 751 1070 809 ita
1089 751 1257 823 cohaerere,
1281 754 1317 808 ut

141 840 270 916 discerpi
280 860 340 899 non
350 843 483 917 possent,
496 840 598 899 addita
610 844 715 899 catena
726 840 942 899 sententiarum
956 839 1190 917 magnificarum.
1212 839 1316 914 quui-

141 930 200 988 bus
216 949 283 988 cum
298 930 458 990 nonnullae
474 929 602 1005 scriptas
618 933 719 988 esseut
733 929 847 988 Lucilio
861 932 1055 1004 procuratore
1069 928 1196 1005 Siciliae,
1213 946 1315 986 ornnes

139 1020 194 1078 illo
218 1023 352 1094 tempore
383 1037 447 1078 esse
475 1019 663 1094 compositas.
709 1019 841 1077 Putabat
866 1037 938 1078 vero
966 1018 1114 1076 Lucilium
1143 1018 1317 1092 deposuisse
1418 1075 1419 1078 ,

141 1108 362 1182 procurationis
391 1127 498 1166 munus
527 1127 604 1166 anno
632 1110 686 1180 62,
714 1108 816 1182 itaque
843 1107 958 1165 nullam
986 1126 1021 1165 ex
1044 1107 1181 1181 epistulis
1207 1109 1314 1165 1-29

141 1198 234 1256 scribi
248 1199 383 1272 potuisse
397 1200 466 1271 post
480 1215 591 1255 annum
608 1199 659 1256 62.
687 1197 830 1273 Apparet,
846 1196 951 1272 siquis
966 1195 1158 1268 demonstret,
1174 1194 1317 1254 Senecam

140 1286 209 1344 aliis
234 1305 352 1362 quoque
377 1287 563 1361 temporibus
587 1288 673 1344 extra
696 1286 829 1345 ordinem
853 1303 945 1343 aurea
966 1285 1021 1342 illa
1043 1285 1121 1359 stipe
1144 1284 1317 1359 implevisse

141 1376 271 1433 amicum
279 1367 306 1454 4)
326 1377 379 1433 aut
393 1393 470 1433 anno
486 1376 527 1433 64
543 1393 661 1450 quoque
675 1375 754 1433 hunc
767 1374 860 1433 fuisse
874 1375 1107 1450 procuratorem,
1125 1374 1189 1432 fore
1203 1376 1238 1432 ut
1251 1376 1318 1432 tota

141 1465 216 1522 hacc
235 1465 456 1540 argumentatio
474 1467 602 1524 corruat.
632 1463 720 1522 Certe
735 1464 910 1540 Martens,
930 1461 1009 1537 quod
1028 1462 1086 1520 sibi
1100 1463 1237 1538 sumpsit,
1256 1481 1316 1521 non

140 1552 369 1613 demonstravit.
407 1552 517 1613 Postea
536 1553 615 1611 enim
634 1553 804 1630 ostendam,
827 1571 888 1611 uon
910 1551 1024 1610 idoneis
1043 1552 1230 1626 argumentis
1248 1571 1316 1627 pro·

141 1643 305 1702 curationis
329 1645 448 1717 tempus
473 1643 511 1700 ab
531 1660 649 1702 ecesse
669 1642 933 1715 circumscriptum.
970 1640 1077 1715 Itaque
1100 1642 1196 1699 multo
1220 1641 1317 1716 magis

141 1750 191 1789 me
210 1732 317 1804 movit,
337 1731 415 1806 quod
434 1731 515 1789 idem
537 1731 638 1807 affort,
664 1733 714 1791 vix
733 1729 875 1790 Senecam
898 1729 1012 1788 talibus
1037 1729 1204 1804 opprobriis
1227 1730 1317 1789 offen-

142 1819 364 1892 surum‚fuisse
387 1820 547 1879 Neronem.
586 1819 643 1879 Sed
667 1837 704 1878 nc
728 1820 783 1879 hoc
806 1818 926 1895 quidem
949 1819 1022 1877 satis
1046 1819 1173 1895 valeret,
1202 1819 1225 1877 si
1252 1819 1318 1894 quis

141 1911 363 1967 demonstraret
383 1909 527 1984 supplicia
545 1909 598 1966 illa
617 1929 634 1968 a
652 1909 770 1967 Nerone
795 1908 914 1967 demum
937 1926 1014 1966 anno
1035 1909 1078 1966 64
1103 1925 1169 1967 esse
1187 1908 1318 1968 inventa.

144 1998 231 2067 Quod
244 2017 349 2058 verum
364 2015 429 2056 esse
444 2017 528 2075 nego.
559 1999 639 2056 Nam
658 1998 730 2056 alibi
749 2016 867 2074 quoque
886 1997 998 2056 eisdem
1016 1996 1079 2056 fere
1093 1997 1192 2057 verbis
1207 1997 1318 2056 Seneca

140 2106 202 2146 non
225 2091 287 2145 tam
310 2086 399 2144 unius
419 2086 609 2162 imperatoris
633 2106 724 2162 quam
747 2087 879 2145 omnium
902 2085 1071 2160 aequalium
1096 2086 1225 2162 castigat
1251 2105 1318 2144 cru—

141 2176 224 2234 deles
252 2176 366 2234 animos
389 2175 576 2250 voluptatem
602 2176 787 2250 captantium
813 2195 828 2234 6
854 2174 1193 2251 gladiatorum'pugnis
1223 2179 1254 2233 ct
1282 2194 1318 2234 ex

141 2268 352 2324 accusatorum
368 2264 637 2340 damnatorumque
655 2264 822 2339 tormentis,
841 2263 893 2321 ubi
907 2264 987 2322 ferro
1002 2266 1032 2322 et
1046 2263 1109 2339 igni
1123 2283 1171 2323 res
1186 2266 1319 2339 geratur.

143 2357 161 2412 7
163 2375 192 2431 4:
207 2355 300 2412 IlIunc
310 2354 438 2412 leonites
450 2358 476 2412 et
484 2356 563 2413 66111
571 2355 707 2422 leminea,
721 2355 839 2413 rneridic
852 2355 1059 2426 spectatoribns
1071 2355 1134 2412 1611
1147 2355 1318 2412 obiciuntur.

143 2444 346 2516 Interfectores
361 2443 555 2515 interfecturis
570 2444 667 2502 intent
682 2445 754 2502 obici
771 2447 797 2501 et
812 2445 947 2501 eictorcrn
962 2444 995 2500 in
1011 2443 1103 2501 ultani
1117 2444 1241 2501 detinent
1257 2459 1319 2501 666-

143 2533 223 2590 den:
242 2533 334 2590 661161
342 2533 540 2604 pnpnentinrn
553 2549 632 2589 nors
646 2536 693 2590 est.
725 2532 818 2589 Ferro
833 2534 858 2588 ct
871 2532 992 2604 ignires
1003 2532 1123 2604 puriter.
1153 2533 1235 2608 2414:
1250 2532 1319 2603 qnid

143 2621 217 2678 rnilri
232 2621 347 2694 ptcdios
366 2623 391 2678 et
409 2621 491 2694 ignes
504 2621 628 2680 ostendis
642 2625 669 2679 ct
682 2621 797 2679 tnrbern
811 2621 980 2691 carnificum
995 2622 1071 2678 circu
1090 2624 1116 2678 te
1133 2621 1320 2693 frementem?

143 2713 162 2768 7
167 2712 227 2786 819:
240 2711 312 2782 plns
327 2713 368 2766 cst
379 2711 501 2780 flemene
515 2713 541 2767 et
554 2710 666 2768 centens
680 2714 706 2768 et
719 2711 831 2768 luminu
841 2713 867 2767 et
875 2709 1043 2767 6616661161
1052 2711 1125 2782 ipsis
1134 2711 1319 2767 1616661666-

142 2800 220 2857 tibns
234 2799 308 2870 qnod
321 2798 375 2856 ille
388 2803 540 2857 renovaret
553 2803 579 2856 et
592 2800 680 2858 attins
693 2803 788 2857 ureret
796 2801 969 2871 impressere
979 2795 1127 2871 (ferrern).
1151 2795 1260 2856 Omnes
1274 2798 1320 2856 illi

141 2887 202 2946 loci
218 2886 297 2944 inter
312 2905 343 2944 se
359 2889 429 2944 sunt
444 2887 596 2963 simillimi,
616 2888 752 2963 quocirca
771 2889 796 2946 si
815 2905 892 2945 unus
911 2886 963 2944 ille
977 2886 1059 2945 locus
1076 2888 1130 2965 14,
1144 2886 1318 2946 referendus

144 2978 228 3035 esset
246 2973 284 3032 ad
303 2973 542 3034 Christianorum
561 2977 748 3053 vexationes,
772 2994 873 3035 omnes
898 2993 1015 3050 quoque
1040 2975 1091 3033 alii
1110 2974 1217 3034 adeas
1237 2993 1319 3050 spec-

145 3068 247 3123 tarent
266 3067 296 3123 61
315 3064 466 3122 iudicandi
485 3067 586 3123 essent
605 3066 708 3140 scripti
726 3068 796 3140 post
814 3083 925 3122 annum
945 3065 995 3124 64.
1033 3063 1091 3124 Sed
1111 3064 1235 3123 eandem
1254 3083 1319 3123 cru-

143 3153 300 3211 delitatem
328 3153 490 3227 eademque
515 3158 667 3212 tormenta
692 3154 835 3213 describit
863 3152 975 3212 Seneca
1004 3154 1065 3222 ,iam
1091 3153 1122 3211 in
1149 3154 1268 3228 dialogo
1292 3153 1319 3208 V

128 3237 204 3320 ,(Ι)6
219 3242 265 3298 ira
278 3241 325 3298 III
341 3233 390 3322 3,)
410 3242 457 3300 cui
476 3260 542 3300 cum
562 3262 670 3302 nomen
682 3242 888 3319 praemisisset
901 3241 1013 3300 Novati
1031 3242 1133 3300 fratris
1152 3242 1282 3302 nondum
1302 3261 1320 3300 a

145 3329 286 3414 Gallione
300 3329 436 3405 adoptati
443 3321 481 3411 ⁵),
496 3333 676 3406 compositus
692 3335 739 3391 611
753 3334 913 3406 antequam
922 3331 1003 3390 Nero
1017 3331 1177 3407 imperium
1192 3332 1319 3406 adeptus

145 3570 267 3639 ,‚idque“
289 3570 337 3625 cfr.
357 3570 424 3625 Tac.
443 3571 475 3625 A.
495 3571 560 3626 XIII
578 3575 629 3626 45:
654 3588 738 3626 ruens
755 3573 787 3626 in
803 3572 944 3641 publicum
962 3587 1089 3640 epressns,
1112 3572 1213 3640 idqnc
1231 3573 1321 3626 velata

142 3648 225 3711 purte
239 3642 303 3696 oris.
328 3640 509 3697 01611111
522 3649 549 3696 1:
571 3643 742 3712 Quemquam
756 3649 789 3710 ie,
804 3642 898 3696 Marci
911 3643 962 3710 uti,
977 3659 1082 3696 annum
1095 3643 1153 3696 ium
1166 3644 1320 3698 audientem

147 3713 312 3781 Cratippum
330 3714 432 3781 idque
445 3713 569 3768 Athenis.
590 3730 652 3783 epp.
668 3714 712 3767 ad.
727 3713 793 3768 fam
808 3714 834 3766 X
850 3717 910 3784 14,:
929 3715 1051 3782 equidem
1064 3715 1251 3782 exspectabam
1264 3716 1321 3768 iam
1371 3706 1376 3719 ¹

144 3785 343 3849 1661111661,
366 3785 465 3853 idqnc
483 3802 544 3839 cnm
561 3786 675 3854 maltis.)
712 3784 792 3849 Quod
812 3783 836 3838 si
854 3782 1014 3854 recipimus,
1033 3783 1089 3840 duo
1108 3784 1238 3839 adhibita
1256 3789 1321 3839 suut

145 3855 286 3925 supplicia
305 3855 420 3909 minime
439 3873 527 3910 novar
546 3854 605 3908 Aut
619 3854 735 3910 canibus
748 3856 867 3925 proiecti
883 3859 949 3910 sunt
962 3854 1121 3925 Christiani,
1141 3857 1191 3909 aut
1208 3856 1321 3910 flamma

144 3927 214 3994 usti,
234 3926 283 3979 sed
302 3926 414 3996 utrique
434 3927 562 3981 additum
582 3929 624 3981 est
643 3926 807 3994 ludibrium,
829 3929 862 3981 ut
879 3925 924 3980 illi
941 3925 1115 3981 laniarentur
1133 3929 1182 3982 aut
1199 3927 1321 3980 ferarum

144 3997 235 4067 tergis
250 3998 371 4052 contecti
386 4001 436 4051 aut
455 3997 582 4052 crucibus
601 3997 685 4066 affixi,
704 3999 734 4052 hi
752 3999 867 4054 flamma
884 4002 1031 4053 urerentur
1048 3997 1079 4051 in
1097 4016 1177 4052 usum
1191 3998 1320 4053 nocturni

145 4067 270 4123 luminis.
308 4069 361 4122 cfr·
381 4068 513 4123 Zeitschr.
538 4070 556 4125 f.
580 4068 740 4124 wissensch.
759 4069 858 4124 Theol.
877 4068 994 4123 XXXIII
1015 4076 1083 4125 1890
1099 4089 1126 4139 p.
1142 4074 1194 4123 919
1214 4070 1277 4124 adn.
1295 4077 1320 4124 3.

145 4139 227 4204 Quod
247 4155 313 4193 vero
338 4139 357 4193 1.
373 4141 390 4193 l.
411 4137 551 4208 Sulpicius
573 4140 691 4195 Severus
716 4142 814 4195 narrat
839 4157 924 4195 nouus
948 4146 1045 4195 mortes
1070 4157 1124 4196 6116
1146 4142 1321 4212 recogitatus,

144 4210 218 4264 nihil
237 4209 315 4264 alind
334 4210 429 4279 tradit,
449 4211 498 4264 scd
517 4210 641 4266 ludibria
659 4211 710 4265 illa
728 4210 851 4282 respicit.

219 4283 245 4349 1)
265 4281 284 4335 1.
299 4281 317 4334 l.
336 4299 363 4349 p.
378 4288 421 4337 36.
496 4283 522 4349 2)
543 4283 594 4337 1.1.
613 4300 640 4351 p.
655 4289 698 4337 36.

218 4354 246 4421 3)
265 4352 305 4405 De
324 4352 355 4406 L.
374 4352 484 4407 Annaei
504 4353 624 4408 Senecae
643 4356 703 4408 vita
721 4355 751 4408 et
769 4372 795 4421 q.
810 4372 830 4408 s.
851 4355 969 4409 Altonac
990 4360 1060 4409 1870
1079 4373 1105 4423 p.
1122 4358 1217 4408 59-3.

218 4429 235 4476 4
266 4422 313 4478 cfr.
333 4440 376 4492 ep.
397 4430 465 4494 30„.
480 4464 514 4496 ,6.
534 4431 590 4495 36,.
609 4429 665 4494 444.
687 4431 742 4495 52,
763 4431 822 4496 et„
844 4425 880 4481 al.

219 4501 235 4548 5
265 4495 315 4549 cfr.
334 4495 398 4550 acta
416 4494 488 4565 App.
510 4502 578 4566 1812.

1088 4591 1103 4638 2
