2934 4966
386 328 427 381 De
446 326 476 379 L.
496 325 606 380 Annaei
625 324 748 381 Senecae
767 325 896 395 epistulis
914 323 1077 379 moralibus.
1253 321 1318 385 613

142 499 249 556 loleros
271 496 409 555 indociles
433 500 459 554 et
480 497 570 554 matri
591 512 678 568 quarn
694 497 780 569 putri
801 495 967 560 similiores,
990 491 1165 551 SEMPER
1186 493 1248 565 fere
1270 496 1323 550 out

142 590 174 646 in
198 587 270 645 bello
293 586 352 659 fuit
375 587 483 644 autin
506 587 661 659 tyrannide
684 589 737 643 aut
752 587 784 644 in
808 585 937 645 libertate
955 583 1035 642 bellis
1053 599 1089 642 oc
1106 583 1240 656 tyrannis
1257 599 1320 640 sae-

141 676 261 735 oiorc!“

232 762 370 838 Denique
397 765 487 841 122„
515 763 688 831 „Recitabat
705 763 868 822 Montanus
890 762 989 821 Iulius
1012 778 1141 828 cumen,
1165 761 1322 820 tolerabilis

137 857 229 927 poeta
247 858 274 912 ct
293 854 424 911 amicitia
444 848 554 913 Tiberii
571 857 656 912 notus
674 857 699 911 el
717 854 833 927 frigore.
858 857 939 911 ortus
958 856 984 910 et
1001 868 1119 910 occasus
1137 851 1322 909 libentissime

141 944 296 1002 inserebat.
326 940 436 1014 (itaque
460 959 524 1001 curn
545 943 747 1017 indignaretur
765 943 886 1016 qnidam
903 942 987 1000 illurn
1006 945 1061 999 toto
1080 941 1126 999 die
1143 941 1278 999 recitasse
1296 943 1323 997 ct

141 1031 475 1106 necaretuccedcudurn
499 1031 539 1090 ad
560 1033 741 1091 recitationes
765 1033 839 1098 eius,
862 1030 956 1089 Natta
974 1030 1117 1089 Pinarius
1139 1031 1195 1088 ait:
1217 1046 1320 1096 „nurn-

142 1140 232 1194 ouurn
250 1138 374 1194 possuru
403 1121 552 1179 idualius
580 1138 679 1195 apere:
707 1124 836 1194 paratus
864 1138 929 1180 sum
957 1120 1042 1179 illurn
1070 1120 1174 1179 audire
1197 1120 1234 1176 ul>
1257 1122 1323 1176 ortu

143 1212 184 1269 ud
209 1208 384 1283 occasurn“.)
424 1207 499 1268 Oura
522 1210 574 1269 lios
598 1226 701 1270 onnes
726 1212 872 1270 recitasset
896 1227 920 1282 q.
941 1213 984 1267 s.“
1027 1209 1079 1267 Eis
1105 1206 1219 1280 verbis,
1247 1225 1321 1282 quos

142 1300 228 1358 uncis
249 1299 373 1357 inclusit
389 1297 512 1358 Haase
531 1298 738 1359 testimonium
752 1299 857 1358 attulit
876 1297 997 1375 Seneca,
1016 1316 1075 1372 quo
1094 1297 1322 1372 demonstraret,

145 1389 226 1464 quod
246 1389 335 1446 antea
354 1386 485 1463 dixerat,
504 1380 610 1447 verum
630 1407 711 1466 esse,
736 1388 820 1447 ortus
840 1390 871 1446 et
890 1405 1011 1447 occasus
1031 1404 1050 1444 a
1067 1386 1209 1445 Montano
1228 1384 1322 1443 liben-

142 1477 262 1537 tissime
285 1477 384 1535 inseri.
427 1475 458 1534 Si
481 1495 551 1536 vero
576 1478 634 1537 duo
662 1478 736 1536 haec
762 1477 918 1536 enuntiata
944 1476 1104 1536 cohaerent
1128 1493 1224 1550 neque
1244 1476 1323 1533 sunt

143 1566 324 1642 divellenda,
347 1566 447 1624 omnia
465 1569 537 1625 sunt
555 1557 710 1627 servanda.
749 1567 828 1625 Nam
847 1567 872 1625 si
892 1565 992 1625 omnia
1010 1565 1197 1638 omittentur,
1220 1581 1320 1621 narra-

143 1655 258 1714 tionem
277 1672 352 1730 quae
372 1654 509 1730 sequitur
526 1674 587 1715 non
604 1657 823 1733 intellegemus.
831 1649 856 1735 ¹)

234 1744 322 1802 Nunc
340 1744 366 1801 si
385 1744 650 1819 circumspicimus,
675 1745 746 1820 quid
772 1763 807 1803 ex
826 1746 882 1803 hac
900 1743 1104 1820 disputatione
1124 1741 1321 1815 didicerimus,

144 1833 220 1891 illud
246 1835 293 1892 est
316 1833 493 1892 tenendum:
520 1833 597 1893 nihil
619 1853 638 1893 a
661 1833 772 1894 Seneca
796 1834 931 1893 secundis
955 1832 1033 1892 curis
1058 1831 1233 1890 adnotatum
1257 1832 1322 1906 p'er-

145 1940 251 1998 peram
269 1921 301 1979 in
324 1924 496 1981 contextum
519 1923 689 2000 irrepsisse,
713 1924 766 1982 sed
790 1925 828 1983 ab
851 1923 916 1998 ipso
939 1922 1090 1981 nonnullis
1113 1919 1186 1980 locis
1210 1920 1322 1995 aliquid

145 2029 213 2069 esse
233 2011 377 2087 additum,
396 2013 526 2088 atquae
546 2012 584 2071 ad
603 2013 730 2070 amicum
751 2013 913 2088 scripserat
927 2011 1018 2070 etiam
1033 2029 1051 2068 a
1064 2010 1202 2086 pluribus
1221 2010 1322 2085 legen·

143 2101 228 2159 tibus
252 2102 375 2175 possent
402 2092 582 2182 intellegi.²)
619 2101 689 2160 Alia
713 2101 855 2160 debemus
882 2090 1149 2178 excerptoribus.³)
1186 2098 1272 2168 Quod
1297 2098 1322 2157 si

144 2191 227 2248 recte
248 2189 380 2265 exposui,
403 2189 565 2248 collabitur
583 2189 688 2249 Haasii
706 2189 904 2266 ratiocinatio,
924 2209 984 2265 qua
1003 2189 1158 2264 conclusit,
1177 2188 1322 2264 epistulas

142 2297 205 2336 non
224 2297 243 2337 a
261 2277 373 2337 Seneca
391 2297 456 2337 esse
476 2279 585 2357 editas,
609 2281 666 2339 etsi
690 2298 727 2338 ne
753 2280 935 2340 contrarium
954 2278 1075 2354 quidem
1093 2278 1191 2336 adhuc
1209 2280 1256 2337 est
1274 2277 1322 2336 de·

143 2368 354 2426 monstratum.

235 2456 282 2515 De
297 2475 332 2515 eo
347 2475 417 2516 vero
433 2456 533 2516 Haase
551 2458 670 2516 omnino
688 2477 749 2517 non
765 2457 924 2533 dubitarit,
942 2458 1014 2532 quin
1033 2455 1231 2532 epistularum
1250 2457 1322 2516 ordo

143 2547 226 2605 recte
246 2548 326 2605 esset
345 2551 496 2623 servatus,
519 2545 579 2604 nisi
601 2547 679 2621 quod
705 2564 748 2621 ep.
769 2548 810 2605 75
834 2546 980 2605 iudicavit
1003 2563 1161 2622 perperam
1185 2564 1252 2604 esse
1270 2565 1322 2620 po-

145 2635 244 2694 sitam.
251 2627 277 2714 4)
315 2635 504 2712 Argumenta
523 2635 630 2694 afferre
649 2636 826 2712 supelffsedit

236 2723 314 2793 Quid
339 2724 411 2783 det
398 2727 547 2801 tempore,
573 2744 631 2800 quo
655 2728 757 2784 essent
780 2724 922 2800 scriptae,
948 2724 1161 2800 arbitraretur
1186 2742 1223 2782 ne
1249 2722 1323 2781 dixit

146 2811 277 2888 quidem.
311 2812 425 2872 Tamen
438 2813 469 2871 id
483 2831 543 2872 non
557 2816 624 2873 erat
637 2814 844 2874 omittendum.
874 2814 952 2872 Nam
972 2813 998 2872 si
1012 2813 1079 2888 quis
1095 2814 1323 2890 demonstraret,

146 2904 205 2961 iam
218 2903 313 2961 multo
328 2905 398 2961 ante
408 2901 536 2962 Senecae
545 2905 673 2962 mortem
689 2905 786 2963 totum
801 2921 908 2979 corpus
922 2902 1016 2961 fuisse
1031 2903 1211 2979 absolutum,
1225 2920 1323 2961 nonne

145 2991 212 3051 veri
232 2993 313 3050 esset
331 2991 526 3068 simillimum,
544 3010 604 3052 non
622 2994 691 3068 post
709 2993 772 3052 eius
786 2994 914 3051 mortem
930 2992 1050 3050 demum
1064 2991 1095 3049 id
1109 3009 1174 3050 esse
1189 2990 1324 3050 editum?

147 3079 208 3139 Sed
227 3081 263 3138 de
283 3079 388 3138 Haasii
406 3081 592 3156 argumentis
611 3082 764 3141 hacteuus.
802 3082 890 3140 Nunc
907 3099 965 3156 age
984 3082 1172 3140 transeamus
1191 3079 1229 3138 ad
1248 3080 1322 3140 alios

145 3169 321 3244 scriptores.
355 3169 401 3228 De
420 3170 529 3246 quibus
547 3170 578 3228 in
596 3171 770 3231 universum
783 3171 840 3230 hoe
855 3169 1012 3229 dicendum
1027 3173 1086 3229 est:
1110 3168 1229 3245 Omnes,
1249 3187 1323 3245 quos

146 3258 227 3332 novi,
245 3261 399 3334 tamquam
413 3258 553 3335 Epicurei
567 3259 781 3337 magistrorum
795 3260 908 3336 placita
921 3258 1053 3333 amplexi
1072 3260 1143 3318 sunt
1161 3259 1237 3317 hanc
1257 3277 1322 3317 sen-

147 3347 288 3406 tentiam:
309 3365 410 3406 omnes
425 3367 501 3424 quae
516 3352 636 3408 exstant
646 3367 732 3408 veras
746 3366 811 3408 esse
826 3349 924 3425 epistu
906 3349 972 3408 alas
986 3351 1018 3407 et
1031 3347 1176 3424 temporis
1191 3348 1324 3406 ordinem

144 3454 212 3496 esse
227 3438 388 3496 servatum
412 3437 484 3495 Inde
498 3438 594 3514 igitur
607 3437 834 3515 progredientes
848 3437 879 3496 id
890 3440 993 3515 agunt,
1008 3441 1044 3496 ut
1057 3437 1250 3513 investigent,
1265 3456 1323 3513 quo

145 3529 282 3600 tempore
301 3525 439 3638 singulae
458 3525 519 3585 sint
538 3526 666 3602 scriptae
686 3530 717 3587 et
736 3545 837 3587 ornnes
857 3528 962 3587 editae

221 3730 360 3800 1)1Alium
378 3730 472 3786 locum
490 3748 546 3786 non
564 3732 624 3786 tam
642 3734 755 3787 Haase
774 3749 860 3800 quam
878 3733 1035 3801 Bartsch,
1052 3732 1128 3786 illius
1148 3731 1323 3786 adversarius

145 3807 185 3873 (p
202 3801 293 3872 19)1n
312 3801 516 3857 dubitationem
535 3803 656 3871 vocavit,
677 3809 744 3875 17.
788 3803 821 3857 Ιιι
841 3820 873 3858 eo
893 3803 967 3858 enim
986 3804 1103 3858 offendit
1122 3804 1197 3872 quod
1215 3803 1322 3858 verbis.

145 3876 231 3944 ‚Jcaec
245 3875 282 3929 ad
297 3875 367 3929 ulios
378 3876 537 3946 pertinent“
551 3873 676 3929 Lucilius
696 3892 714 3928 a
710 3843 828 3930 ⁰ceteris
847 3873 1040 3957 distinguitur
1073 3875 1163 3940 Quam
1181 3876 1324 3929 inurbani·

145 3948 237 4000 tatem
256 3949 344 4016 negat
363 3961 380 3998 a
400 3944 505 4000 Seneca
523 3945 649 4015 potuisse
668 3946 782 4000 commit
770 3947 814 4002 ιιι
852 3945 907 4001 Sed
926 3948 966 4001 eie
986 3945 1081 4001 eiectis
1100 3945 1195 4013 sentit,
1214 3949 1323 4000 senten-

144 4017 250 4071 tiarum
269 4032 405 4071 conexum
424 4012 596 4087 interrumpi
633 4016 719 4072 Putat
737 4016 826 4087 igitar
839 4032 873 4073 ea
887 4035 948 4072 esse
963 4017 1069 4086 addita,
1087 4020 1238 4087 postquam
1252 4035 1332 4085 quae-

145 4091 329 4172 sequerentur
354 4087 447 4142 locum
473 4104 553 4141 snum
580 4089 774 4144 mutavissent.
815 4087 947 4158 Legenda
973 4089 1047 4143 enim
1073 4105 1132 4143 esse
1158 4090 1224 4172 post
1249 4094 1274 4154 ξ.
1294 4095 1323 4144 8·

145 4161 239 4227 „unde
257 4160 329 4214 enim
347 4160 400 4214 scis
418 4176 457 4213 an
474 4161 559 4214 nimis
575 4159 717 4216 liabens?“
744 4161 862 4228 haee,
863 4167 905 4229 ,tu
928 4161 1106 4229 locupletibus
1119 4162 1237 4229 propin
1254 4176 1282 4214 es
1299 4166 1325 4215 et

144 4249 169 4301 q.
185 4235 227 4285 s.“
269 4231 307 4284 At
295 4234 382 4300 tego
406 4231 540 4285 confimat
564 4231 643 4286 illam
667 4231 876 4288 distinctionem
902 4230 972 4286 mihi
999 4249 1055 4287 non
1081 4248 1141 4286 esse
1167 4233 1323 4300 molestam,

145 4305 242 4371 itaque
262 4301 333 4355 nihil
350 4305 539 4370 transponam.

218 4377 245 4438 ι)
266 4378 320 4443 141.
340 4378 396 4444 771.
426 4373 473 4428 cfr.
492 4390 519 4441 p.
536 4379 596 4428 606.

219 4447 246 4512 ι)
267 4450 335 4514 ιι11.
356 4450 424 4515 vem.
446 4450 817 4518 ve„.sa,.se,.91,.ec,.
845 4447 894 4501 cfr.
913 4464 939 4515 p.
956 4452 1007 4500 ιιι
1028 4447 1091 4501 ιιι.
1113 4453 1136 4502 ι.

218 4519 246 4585 4)
264 4534 291 4585 p.
310 4514 352 4570 vl.
