2934 4966
141 313 206 378 606
563 311 699 367 Henricus
718 312 892 382 Hilgenfeld:

141 482 287 557 dubitata,
297 482 451 558 aptissime
466 481 709 557 sequimalorum
722 481 922 558 partitionem.
947 483 1022 541 Mihi
1031 502 1100 543 vero
1111 485 1318 543 necessarium

140 572 274 644 videtur,
298 571 390 633 verba
413 571 591 631 addubitata
610 571 712 630 eodem
732 572 797 631 loco
817 572 952 644 retineri,
976 592 1034 648 quo
1058 591 1136 632 nunc
1160 574 1314 649 leguntur.

141 661 270 720 Necesse
291 665 337 719 est
357 659 435 719 enim
450 660 600 733 Senecam,
620 679 685 719 cum
703 661 848 721 vocabulo
867 666 971 735 „crpo“
989 662 1144 721 induceret
1162 656 1317 737 triplicem

141 750 342 826 partitionem,
361 769 420 809 non
440 749 476 808 de
494 769 553 808 uno
572 750 721 808 malorum
739 769 848 828 genere
862 753 952 810 antea
966 769 1032 810 esse
1046 751 1188 829 locutum,
1209 753 1261 810 sed
1278 751 1316 811 de

141 838 247 898 tribus.
284 839 416 896 Primum
436 841 482 897 est
501 857 612 911 eorum,
631 858 708 914 quae
726 858 780 898 nos
798 842 921 915 terrent,
939 859 1000 899 non
1017 844 1171 916 premunt3
1196 841 1317 900 dixerat

142 929 282 1004 scriptor:
308 927 425 997 „Plano
442 933 518 994 scat,
541 928 649 995 Lacilc',
674 946 747 1001 quoe
764 947 815 988 nos
835 933 949 996 terrent,
973 947 1061 1002 qaam
1079 948 1152 1003 qaue
1165 936 1316 1003 premam,

142 1023 168 1077 ct
185 1020 302 1091 saepias
319 1020 451 1091 opinione
470 1035 556 1090 quom
573 1035 606 1077 rc
624 1019 820 1078 lateranensefl
847 1017 930 1077 Haec
948 1021 1019 1076 sunt
1037 1011 1216 1094 praesentia,
1235 1039 1316 1095 quae

141 1110 288 1184 putantur
302 1107 388 1182 mala,
404 1105 456 1165 sed
470 1125 502 1164 re
512 1125 586 1167 vera
599 1126 658 1166 non
672 1110 750 1166 sunt.
771 1106 801 1165 Si
816 1107 983 1166 accuratius
999 1126 1034 1166 ea
1048 1107 1315 1184 perscrutabimur,

143 1196 321 1270 videbimus,
345 1196 433 1270 plura
455 1196 536 1254 mala
559 1214 624 1255 esse
648 1195 771 1270 opinata
793 1215 883 1271 quam
906 1215 986 1256 vera.
1023 1196 1066 1255 At
1083 1197 1175 1256 Stoici
1193 1197 1316 1256 omnino

141 1286 259 1343 nullum
277 1285 425 1360 putabant
442 1284 555 1343 malum
574 1285 634 1342 nisi
648 1285 730 1345 vitia.
754 1285 873 1343 Addere
892 1284 985 1360 igitur
1004 1285 1132 1345 debebat
1151 1285 1263 1345 Seneca
1283 1306 1316 1345 se

142 1393 220 1433 nnnc
237 1392 316 1442 ‚mon
329 1375 407 1446 toqui·
419 1373 516 1433 Stoica
530 1375 659 1448 linquat
697 1372 773 1432 Cum
792 1374 839 1433 his
857 1374 958 1434 verbis
977 1375 1130 1450 aptissime
1149 1375 1246 1434 iunxit
1265 1376 1317 1434 ad-

142 1463 356 1536 hortationem,
376 1481 436 1539 qua
453 1481 512 1521 non
530 1462 609 1520 idem
629 1465 765 1538 postulat·
783 1463 820 1522 ab
840 1463 934 1522 amico
954 1464 1005 1522 sed
1024 1463 1134 1537 minus,
1158 1464 1232 1523 haec
1250 1465 1316 1523 fere

142 1552 341 1629 praecipiens:
362 1551 439 1627 „Sed
454 1552 502 1610 fac
517 1570 560 1626 ea,
580 1571 656 1628 quae
674 1553 766 1628 vulgo
785 1553 932 1629 putantur
951 1553 982 1610 et
995 1571 1071 1626 quae
1085 1571 1139 1611 nos
1154 1556 1270 1612 terrent
1285 1574 1318 1612 re

142 1662 214 1703 vera
228 1660 295 1700 esse
309 1641 397 1714 mala,
417 1643 518 1699 tamen
537 1641 613 1699 illud
631 1644 786 1716 praestare
804 1643 899 1716 potes,
917 1661 954 1700 ne
972 1642 1077 1699 futura
1095 1642 1226 1719 horreas,
1246 1662 1320 1717 quo-

142 1752 209 1791 rum
229 1731 287 1789 duo
306 1733 378 1789 sunt
394 1748 518 1806 genera:
538 1730 599 1789 alia
617 1733 697 1790 certe
716 1731 845 1810 venient,
865 1730 918 1789 sed
936 1730 1067 1790 nondum
1082 1733 1237 1807 venerunt,
1256 1731 1319 1791 alia

143 1820 263 1880 omnino
282 1838 342 1879 non
360 1814 507 1893 66616111,ιι
544 1819 636 1877 Nullo
655 1820 719 1878 loco
739 1820 812 1879 haec
830 1819 1001 1878 adhortatio
1021 1819 1197 1878 submissior
1215 1821 1318 1896 aptius

143 1910 269 1986 legitur,
292 1909 352 1967 nisi
374 1910 533 1984 postquam
552 1907 664 1966 Seneca
687 1907 774 1967 dixit:
800 1911 990 1975 „occidemus
1007 1908 1077 1967 baec
1093 1927 1203 1982 mopso
1220 1912 1319 1978 ocho,

143 2001 202 2067 scd,
221 2000 253 2058 ec·
266 2000 341 2065 boni,
359 2000 457 2056 oera.“
486 1997 581 2070 Erpa
599 1996 660 2055 tria
678 1999 749 2056 sunt
767 1996 914 2055 malorum
933 2015 1044 2073 genera
1063 2016 1139 2073 quae
1158 2017 1318 2074 perperam

144 2080 309 2162 horremus,
323 2087 466 2163 primum:
485 2103 578 2159 „qaue
591 2103 644 2145 aas
657 2089 750 2160 mepte
764 2091 991 2160 torqacotquum
1000 2087 1118 2146 debent“
1133 2085 1189 2158 (=
1200 2089 1320 2161 saepias

144 2179 277 2252 macae
295 2195 382 2249 qaum
400 2193 432 2234 rc
450 2169 641 2256 laboremus).
670 2175 789 2235 deinde:
812 2193 906 2250 ‚pauc
923 2193 976 2235 aas
995 2180 1060 2234 calc
1083 2180 1320 2249 taquamquam

144 2268 263 2327 debeat‘
282 2263 337 2336 (=
353 2281 418 2323 eum
432 2268 504 2322 certa
517 2281 577 2323 aaa
589 2264 740 2338 aeaerici).
763 2265 904 2341 denique:
923 2282 1016 2337 ,pecc
1029 2282 1082 2324 cos
1096 2265 1234 2338 baccani,
1254 2283 1320 2324 cam

144 2357 260 2416 comico
282 2371 341 2412 noa
363 2354 503 2412 (16166111ί
531 2351 588 2424 (==
608 2371 673 2412 cam
695 2355 749 2413 illo
771 2355 896 2426 fortasse
917 2371 1076 2426 numquam
1095 2358 1219 2413 cantora
1237 2354 1318 2428 siat).

144 2446 251 2520 Itaque
270 2461 338 2502 cum
357 2441 575 2501 sententiarum
593 2441 665 2500 ordo
685 2443 725 2502 sit
743 2447 882 2502 accurate
901 2444 1047 2519 servatus,
1066 2441 1141 2500 nihil
1161 2446 1207 2503 est
1220 2461 1320 2520 neque

145 2532 399 2608 transponendum
412 2550 509 2607 neque
524 2530 697 2591 eiciendum.
721 2529 786 2591 Hoc
801 2532 892 2591 etiam
902 2530 1284 2591 contraSchultessium
1293 2525 1320 2612 ¹)

144 2624 330 2699 disputatum
351 2639 416 2680 esse
435 2620 516 2695 volo,
541 2621 593 2696 qui
611 2621 705 2680 verba
727 2621 781 2679 illa
803 2621 931 2694 legenda
949 2637 1015 2678 esse
1034 2623 1135 2679 censet
1154 2623 1223 2680 ante
1243 2619 1272 2696 ξ.
1290 2624 1320 2681 8.

237 2713 306 2788 148:
329 2709 425 2778 ‚‚Oum
437 2713 550 2783 peteres
567 2708 707 2776 Siciliam,
727 2711 864 2769 traiecisti
882 2711 996 2782 fretam.
1029 2713 1200 2769 temerarias
1215 2713 1319 2783 puber·

144 2805 230 2860 notor
249 2801 415 2873 contempsit
432 2800 526 2858 castri
547 2800 644 2857 minos
667 2796 728 2869 (illc
747 2802 787 2858 cst
806 2801 896 2866 caim,
920 2800 970 2872 qai
987 2797 1118 2858 Siculam
1130 2801 1256 2874 pelopea
1274 2818 1320 2859 ex-

145 2894 258 2964 asperet
276 2893 302 2947 61
318 2890 350 2947 ia
368 2890 486 2947 vertices
504 2886 627 2960 meaos
1196 2947 1198 2952 .

237 2980 305 3055 7⁷2²
327 2977 403 3036 Solis
426 2978 501 3036 caim
525 3007 565 3016 -
586 2974 798 3035 Alexandrinis
821 2974 947 3036 navibus
971 3007 1015 3016 -
1040 2978 1104 3036 licet
1120 2979 1253 3051 scaurum
1276 2980 1321 3036 ia-

146 3069 267 3135 tcoderc
286 3067 361 3140 quoe
374 3068 406 3125 ia
420 3067 478 3124 olto
495 3082 592 3124 manes
604 3065 709 3124 habeat
721 3083 818 3125 acces.
837 3057 936 3142 (nulla
949 3067 1025 3125 caim
1038 3084 1084 3125 res
1098 3084 1185 3139 ecqua
1200 3068 1323 3126 adiacet

146 3175 264 3217 cursem
283 3173 370 3229 qaum
388 3172 503 3214 samm
515 3172 592 3229 pore
609 3155 679 3214 ccli:
706 3155 787 3214 illinc
808 3157 935 3214 mamm
956 3158 1042 3214 nocis
1064 3159 1192 3229 arcetur.
1223 3158 1322 3228 itaque

146 3248 274 3320 poeticos
295 3248 396 3303 ecatus
422 3245 580 3302 coacescit
601 3244 752 3317 malorque
775 3248 816 3302 cst
837 3263 925 3317 qoam
948 3246 1073 3318 expedit,
1101 3248 1229 3304 amesae
1254 3247 1321 3304 sab-

145 3337 269 3395 mittitur
275 3354 285 3392 :
303 3335 401 3392 micus
418 3333 503 3392 habet
519 3335 627 3392 cirtam
645 3335 734 3404 flotus
752 3350 786 3392 cc
803 3333 949 3406 hamath

235 3421 372 3483 Concedo
397 3424 524 3497 utraque
548 3421 653 3495 verba,
678 3440 754 3498 quae
777 3421 861 3481 uncis
879 3422 997 3481 Haase
1020 3422 1154 3496 inclusit,
1176 3440 1236 3482 non
1255 3441 1321 3482 esse

146 3512 315 3573 necessaria
337 3530 434 3589 neque
457 3510 569 3586 scripta
592 3509 687 3570 videri
711 3510 750 3570 ad
773 3511 934 3583 Lucilium,
953 3511 1005 3586 qui
1029 3514 1060 3570 et
1082 3529 1164 3569 mare
1188 3511 1320 3570 Siculum

147 3606 177 3663 et
196 3604 357 3661 nautarum
374 3618 473 3659 mores
492 3602 632 3676 expertus
649 3603 782 3660 noverat.
810 3600 891 3678 Ergo
910 3603 964 3659 aut
982 3603 1087 3676 postea
1106 3603 1175 3658 sunt
1194 3599 1321 3677 adiecta,

147 3710 244 3770 neque
262 3708 333 3750 vero
353 3691 388 3748 ut
406 3708 438 3749 se
457 3690 723 3749 commonefaceret
737 3687 849 3749 Seneca
866 3688 980 3767 aliquid
997 3688 1040 3747 ibi
1059 3707 1124 3747 esse
1142 3687 1322 3762 addendum,

148 3782 200 3841 sed
223 3783 259 3840 ut
282 3779 403 3839 illarum
427 3797 529 3838 rerum
548 3778 646 3854 ignari
669 3797 745 3854 quae
769 3778 939 3838 dicerentur
960 3777 1321 3854 faciliusintellegerent,

149 3871 212 3931 sive
226 3873 263 3929 ut
276 3870 333 3928 hae
349 3868 495 3944 epistulae
510 3868 646 3942 privatae
660 3871 783 3942 possent
797 3867 858 3944 edi;
878 3868 932 3925 aut
950 3866 1069 3925 omnino
1082 3885 1142 3925 non
1156 3885 1244 3925 verae
1259 3868 1321 3941 epi-

148 3960 247 4019 stulae
267 3961 336 4017 sunt
349 3957 533 4016 iudicandae.
571 3955 631 4016 Sur
644 3957 719 4015 illud
733 3957 833 4032 potius
846 3973 984 4015 censeam
997 3958 1103 4031 postea
1122 3957 1285 4014 ostendam.
1293 3949 1320 4036 ²)

238 4050 307 4126 191:
329 4047 401 4115 „Ito
418 4049 475 4120 soc,
494 4064 544 4105 oro
563 4050 647 4120 cique
664 4047 786 4106 obscero.
812 4045 896 4119 (quid
914 4046 990 4104 caim
1007 4046 1096 4105 habco
1114 4046 1225 4113 melios,
1244 4048 1321 4118 qaod

148 4140 275 4198 maioma
292 4153 398 4210 repom,
417 4153 505 4209 qaam
522 4137 598 4209 qaod
610 4153 669 4209 pro
687 4137 750 4209 ipso
768 4138 926 4209 reputares
943 4135 1042 4209 sum)
1061 4136 1088 4194 sc*
1100 4138 1192 4208 potes,
1211 4136 1322 4194 subduc

148 4279 272 4286 ——--.—
279 4279 283 4283 .
290 4277 360 4283 .--..-.

221 4363 248 4429 1)
266 4359 307 4414 De
335 4359 364 4413 L.
393 4356 502 4413 Annaei
531 4357 653 4413 Senecae
681 4356 892 4427 quaestionibus
920 4355 1096 4413 naturalibus
1125 4358 1154 4412 et
1182 4358 1321 4427 epistulis.

149 4434 264 4488 Bonnae
284 4436 360 4486 1872.
379 4448 406 4500 p.
422 4435 465 4485 42.
987 4482 991 4493 ,

220 4507 248 4557 at
267 4501 321 4556 Cir.
340 4502 414 4556 infra
432 4502 466 4556 (16
485 4517 560 4571 corp.
580 4501 600 4558 1.
620 4499 702 4556 etde
722 4515 796 4570 corp.
816 4498 865 4555 111.
884 4501 965 4571 parts
985 4506 1009 4553 2.
