2940 4964
143 317 207 382 638
565 316 700 373 Henricua
718 317 893 389 Hilgenfeld:

143 490 451 563 suntsupervacanea.
475 488 530 546 40:
545 486 759 563 Philosophum
770 488 854 548 decet
864 506 929 548 essa
939 487 1151 564 tardiloquum.
1173 488 1315 549 annni-

143 596 209 636 mus
228 577 379 652 perfectus
399 595 452 636 suo
467 579 544 636 bono
558 576 665 653 nitens,
685 596 761 654 quae
779 580 826 637 est
843 577 922 637 bona
939 577 1025 654 ratio,
1043 578 1246 638 testimonium
1268 583 1317 640 est

143 666 191 724 dei
208 667 239 724 in
258 665 377 725 homine
395 665 582 741 hospitantis

232 754 330 814 Huius
354 754 425 813 libri
448 755 595 830 epistulae
620 774 678 831 quo
697 755 815 815 vinculo
838 756 1059 830 contineantur,
1083 757 1180 832 primo
1203 758 1315 818 obtutu

143 845 295 903 nonsatis
315 846 449 919 apparet.
487 843 564 903 Sunt
587 844 664 903 enirn
689 845 745 904 hae
764 863 881 921 quoque
904 864 1010 921 parum
1029 846 1107 904 inter
1126 865 1157 905 se
1176 865 1316 908 conexae.

146 932 204 992 Sed
224 934 249 993 si
268 932 435 993 accuratius
453 933 626 1009 inspexeris,
646 952 806 1010 cognosces
821 935 863 993 eis
879 934 1015 994 omnibus
1030 935 1147 1011 exponi,
1166 938 1316 1011 quomodo

144 1022 350 1098 philosophiae
361 1022 491 1082 studium
502 1024 542 1081 sit
551 1023 768 1082 instituendum
778 1014 845 1104 (31.
859 1025 910 1083 33.
922 1026 972 1084 37.
985 1026 1035 1084 38.
1044 1016 1102 1104 40)
1118 1027 1171 1083 ant
1180 1025 1317 1085 animum

144 1112 309 1187 perfectum
329 1111 446 1170 laudari
467 1110 589 1187 eiusque
608 1113 670 1173 vim
689 1114 720 1171 et
738 1115 877 1171 naturam
897 1113 1022 1190 ostendi,
1046 1113 1083 1171 ad
1103 1133 1191 1189 quem
1210 1134 1317 1189 perve-

144 1200 259 1259 niemus
279 1201 329 1261 illo
350 1201 449 1260 studio
469 1193 535 1278 (30.
551 1203 600 1260 32.
617 1203 666 1262 34.
684 1203 734 1261 35.
750 1203 800 1261 36.
817 1204 866 1261 39.
883 1193 951 1281 41).
987 1201 1024 1260 In
1042 1201 1069 1258 V
1088 1201 1158 1261 libri
1176 1204 1318 1280 epistulis

144 1289 224 1348 idem
242 1290 305 1349 fere
325 1291 480 1350 consilium
500 1292 636 1366 sequitur
650 1290 770 1369 Seneca,
790 1291 840 1349 sed
854 1291 957 1367 paucis
972 1292 1103 1367 exeeptis
1118 1292 1217 1351 omnia
1231 1297 1317 1352 certo

145 1379 363 1438 sententiarum
387 1397 499 1438 conexu
523 1379 689 1454 procedunt
711 1382 742 1439 et
765 1380 861 1455 magis
880 1380 1033 1455 pertinent
1051 1382 1088 1439 ad
1107 1381 1319 1458 philosophiae

101 1527 105 1534 ,
144 1468 278 1527 studium
296 1472 377 1529 recte
395 1468 620 1528 instituendum.

234 1557 270 1615 V.
289 1559 347 1616 42:
370 1558 455 1616 Bona
478 1548 562 1616 mens
583 1558 665 1634 cupit
683 1558 865 1631 necessaria,
889 1558 1052 1617 contemnit
1071 1578 1196 1634 operosa
1215 1563 1247 1619 et
1267 1581 1319 1620 su-

144 1665 337 1722 pervacanea.
384 1648 439 1706 43:
471 1646 557 1706 Bona
582 1646 763 1707 conscientia
791 1646 932 1724 efficitur,
960 1650 994 1706 ut
1020 1648 1111 1706 etiam
1140 1649 1171 1706 in
1196 1649 1320 1725 publico

145 1736 243 1795 securi
261 1736 409 1812 possimus
428 1736 537 1796 vivere.
575 1739 631 1795 44:
655 1736 714 1794 Illa
732 1736 811 1796 bona
829 1754 925 1810 mens,
946 1737 1086 1812 quoniam
1105 1738 1242 1797 omnibus
1262 1740 1321 1799 ho-

144 1825 275 1884 minibus
303 1828 400 1900 patet,
433 1826 497 1883 sola
527 1825 632 1885 reddit·
657 1826 801 1900 nobilem,
833 1844 893 1885 non
920 1825 969 1885 avi
996 1827 1077 1886 clari.
1127 1829 1183 1886 45:
1211 1826 1322 1888 Prohi-

144 1915 250 1974 bemur
273 1933 343 1974 vero
367 1914 404 1973 ad
428 1932 530 1974 veram
554 1914 709 1974 scientiam
728 1915 895 1993 pervenire,
919 1915 944 1974 si
962 1914 1051 1975 nimis
1070 1934 1191 1991 operam
1210 1917 1323 1977 damus

144 2003 304 2064 verborum
328 2002 577 2063 cavillationibus.
618 2003 693 2062 illae
718 2003 812 2079 igitur
838 2005 909 2063 sunt
931 2004 1035 2080 procul
1057 2004 1224 2082 habendae,
1249 2026 1323 2066 cum

145 2093 176 2152 in
199 2093 426 2169 supervacaneis
450 2094 569 2168 tempus
600 2093 760 2152 absumant
789 2092 826 2151 ad
856 2094 980 2152 meliora
1007 2094 1216 2153 necessarium.
1261 2097 1322 2156 46:

146 2183 275 2242 Summis
299 2181 438 2240 laudibus
462 2182 633 2242 cumulatur
655 2182 763 2241 Lucilii
789 2182 874 2241 liber.
920 2185 976 2242 47:
1006 2181 1152 2252 Quoniam
1180 2184 1321 2245 homines

146 2291 206 2332 non
224 2290 348 2331 avorum
367 2271 503 2329 claritate
522 2274 592 2329 sunt
615 2271 805 2346 aestimandi,
829 2271 1006 2347 prudentiae
1026 2275 1057 2331 et
1075 2271 1252 2333 eruditionis
1272 2278 1323 2333 est

146 2362 327 2421 etiamnum
352 2359 446 2420 servis
468 2359 571 2420 vivere
595 2360 791 2418 familiariter.
830 2362 885 2418 48:
913 2360 1080 2419 Verborum
1109 2361 1321 2423 cavillationes

145 2471 203 2512 non
216 2451 337 2509 tantum
354 2451 424 2508 sunt
434 2467 682 2526 supervacaneae,
693 2448 743 2507 sed
755 2448 845 2507 etiam
860 2452 975 2508 nocent.
1003 2448 1222 2509 Comminuitur
1236 2453 1322 2510 enim

145 2544 176 2599 et
195 2538 370 2599 debilitatur
389 2556 535 2615 generosa
552 2538 668 2597 indoles
687 2537 719 2595 in
737 2538 810 2596 istas
830 2537 965 2614 argutias
984 2539 1123 2598 coniecta.
1160 2542 1217 2600 49:
1243 2539 1317 2601 Pro·

145 2629 297 2705 spicienda
315 2629 417 2685 tamen
435 2629 482 2686 est
496 2626 718 2686 dialecticorum
733 2645 782 2686 ars
796 2630 826 2686 et
840 2644 859 2685 a
871 2626 973 2685 limine
988 2627 1154 2702 salutanda,
1173 2648 1209 2688 ne
1223 2628 1322 2689 verba

147 2717 232 2777 nobis
252 2716 316 2774 dari
336 2714 460 2790 possint.
499 2717 553 2775 50:
578 2714 635 2774 Sed
660 2715 755 2774 multo
778 2716 875 2791 magis
898 2716 929 2774 id
949 2719 995 2776 est
1013 2716 1162 2793 agendum
1181 2720 1215 2776 ut
1234 2718 1320 2779 vitiis

144 2808 255 2866 nostris
283 2803 448 2880 perspectis
476 2806 664 2864 revertamur
692 2804 730 2862 ad
757 2807 905 2864 naturam.
948 2804 1032 2874 Quod
1060 2806 1145 2865 facile
1170 2806 1235 2884 fiet,
1264 2808 1320 2867 ubi

145 2895 277 2954 animum
303 2895 438 2952 nostrum
461 2892 592 2951 formare
615 2894 808 2968 coeperimus.
850 2896 905 2953 51:
929 2894 1077 2970 Regiones
1096 2897 1245 2970 quaedam
1269 2916 1319 2956 sa·

145 2983 297 3060 pientibus
318 2984 389 3040 sunt
407 2982 599 3041 declinandae
617 2984 770 3058 tamquam
786 2981 901 3041 alienae
919 2983 1004 3042 bonis
1023 2983 1163 3043 moribus.
1198 2987 1254 3044 52:
1274 2985 1321 3046 Ut

146 3069 354 3149 perveniamus
374 3071 411 3129 ad
430 3089 533 3130 veram
552 3071 743 3148 sapientiam,
768 3090 844 3147 quae
862 3074 909 3131 est
927 3072 1020 3131 animi
1038 3073 1216 3146 constantia,
1242 3073 1320 3135 duce

146 3163 231 3222 nobis
243 3180 317 3236 opus
333 3162 388 3239 est,
398 3179 487 3235 quem
501 3159 647 3238 eligamus
662 3163 781 3235 oportet
795 3180 832 3220 ex
845 3161 898 3237 eie,
908 3162 960 3238 qui
973 3163 1066 3222 vitam
1081 3163 1196 3241 docent,
1210 3182 1271 3222 non
1282 3183 1320 3223 ex

147 3252 198 3327 eis,
216 3249 266 3326 qui
286 3267 378 3310 vanos
397 3251 522 3324 captant
539 3249 691 3308 clamores.

236 3427 303 3487 Duo
322 3426 354 3485 hi
372 3427 443 3486 libri
461 3425 610 3486 coniuncti
630 3445 764 3487 seorsum
782 3427 814 3485 in
836 3426 989 3503 publicum
1013 3431 1085 3488 sunt
1108 3428 1222 3501 emissi,
1245 3448 1320 3490 narn

148 3522 209 3579 tres
232 3518 345 3594 primos
370 3516 407 3575 ab
428 3488 470 3575 als
489 3534 555 3575 esse
573 3516 774 3591 segregandos
793 3517 854 3576 iam
872 3516 1009 3578 vidimus.
1046 3516 1169 3576 Accedit
1187 3519 1267 3592 qnod
1288 3524 1320 3579 et

147 3627 165 3667 a
183 3606 332 3683 prioribus
352 3607 382 3664 et
400 3623 419 3663 a
438 3605 633 3680 sequentibus
653 3605 734 3664 statis¹
746 3609 815 3664 sunt
835 3605 944 3665 diversi
963 3609 1052 3681 atque
1071 3605 1213 3665 distincti.

234 3696 368 3754 Primum
392 3693 471 3752 enim
495 3712 554 3754 non
578 3695 696 3753 adiecta
718 3697 765 3753 est
786 3694 839 3752 illa
862 3695 966 3753 catena
990 3695 1207 3755 sententiarum
1230 3715 1319 3771 prae·

146 3786 303 3844 clararum.
332 3782 408 3842 Sunt
422 3781 542 3858 quidem
552 3787 681 3859 quatuor
696 3783 832 3859 epistulis
848 3783 966 3842 additae
981 3787 1035 3842 aut
1048 3783 1230 3859 praemissae
1244 3786 1319 3845 alio-

145 3894 212 3933 rum
228 3863 355 3952 vooes¹),
375 3872 427 3931 sed
442 3890 504 3944 eae,
531 3871 640 3946 quibus
653 3863 748 3931 totius
763 3872 974 3947 disputationis
989 3891 1105 3932 summa
1118 3875 1318 3936 contineatur.

237 3960 352 4020 Deinde
371 3960 522 4036 prioribus
540 3961 601 4020 illis
620 3962 828 4038 quaerebatur,
846 3961 993 4037 quomodo
1012 3963 1076 4022 vita
1094 3962 1122 4020 ei
1140 3963 1220 4021 esset
1240 3964 1319 4023 ordi-

145 4053 253 4126 nanda,
264 4051 313 4126 qui
328 4052 365 4108 ad
380 4050 587 4126 philosophias
599 4050 730 4109 studium
743 4051 835 4111 vellet
845 4051 991 4110 accedere.
1019 4051 1073 4109 His
1083 4050 1319 4130 demonstratur,

146 4141 321 4218 quomodo
340 4137 457 4215 ipsius
476 4139 731 4215 philosophiae
747 4140 907 4199 studium
922 4139 971 4200 sit
986 4135 1267 4214 instituendum,
1287 4146 1319 4201 et

146 4249 234 4306 quem
248 4229 380 4287 fructum
395 4228 464 4286 inde
478 4229 638 4307 capiamus,
658 4230 683 4288 si
701 4228 926 4304 pervenerimus
941 4229 979 4288 ad
993 4230 1124 4287 animum
1138 4231 1316 4304 perfectum.

218 4437 243 4504 1)
264 4433 377 4503 Epicuri
403 4440 471 4505 30„.
490 4473 514 4505 „
543 4434 655 4505 prolata
682 4435 718 4489 ab
741 4433 852 4500 Aufidio
875 4434 975 4503 Basso,
1000 4433 1137 4490 Aristonis
1161 4439 1222 4507 36„
1250 4435 1317 4492 Pla-

144 4508 219 4564 tonis
239 4512 294 4578 44„
313 4503 427 4576 Epicuri
446 4511 502 4577 528.
