2934 4966
397 316 436 370 Dc
456 312 484 366 L.
507 310 618 367 Annaei
636 313 760 368 Senecae
780 312 908 383 epistulis
926 314 1086 369 moralibus.
1142 333 1148 349 ·
1263 315 1328 378 603

154 487 276 546 Maximi
292 489 362 564 872,
377 505 464 562 quem
480 485 632 544 constaret
646 486 714 557 post
724 482 917 542 Pisonianam
931 482 1164 542 coniurationem
1180 483 1327 543 detectam

152 579 184 636 in
204 576 325 637 exilium
344 592 409 634 esse
424 565 599 652 missum¹):
618 572 720 647 itaque
736 570 847 632 Seneca
865 574 983 632 mortuo
1003 571 1122 630 demum
1141 575 1176 631 ut
1195 574 1328 632 exsulem

152 668 247 726 fixisse
267 669 366 724 tutum
386 663 424 722 ab
443 662 633 738 imperatoris
653 660 807 737 supplicio.
839 660 968 720 Senecae
982 661 1076 739 igitur
1091 662 1192 720 edenti
1204 661 1328 723 Maximi

149 775 260 815 nomen
275 755 370 813 fuisse
384 752 552 826 delendum,
571 750 669 810 minus
684 751 721 828 ei,
735 752 786 826 qui
801 753 870 826 post
885 750 1038 826 scriptoris
1054 754 1178 809 mortem
1194 752 1326 826 periculo

149 846 196 904 illi
219 846 279 904 iam
302 862 361 903 non
384 841 558 900 imminente
583 839 712 899 edendas
736 843 871 898 curasset
894 840 1046 915 epistulas.
1084 839 1231 899 Lucilium
1255 860 1326 901 vero

148 938 251 1012 putat,
276 952 342 992 cum
367 931 480 991 Romae
503 947 562 988 non
586 933 666 988 esset
689 928 742 988 sed
766 929 796 986 i11
816 928 931 1007 Sicilie,
956 929 987 987 in
1010 928 1223 989 coniurationis
1243 930 1325 989 Piso·

148 1027 257 1084 nianae
281 1020 480 1097 suspicionem
499 1019 630 1078 incidere
648 1017 698 1077 vix
716 1019 864 1094 potuisse,
887 1019 992 1093 postea
1011 1037 1045 1077 eo
1065 1035 1152 1076 usum
1171 1037 1237 1078 esse
1256 1020 1326 1095 otia,

148 1134 208 1190 qua
228 1115 313 1172 tutus
332 1110 494 1170 videretur.

240 1202 304 1277 l'rlgo
323 1216 395 1259 vero
414 1216 519 1257 censeo
538 1197 668 1272 primum
687 1195 815 1255 indicem
829 1195 915 1254 illum
930 1196 1103 1255 lacunarum
1120 1216 1186 1258 esse
1200 1197 1325 1257 circum-

147 1290 317 1352 cidendum.
339 1288 417 1345 Nam
439 1287 492 1364 641
513 1305 600 1345 nemo
619 1289 655 1344 ut
674 1285 781 1360 opinor
800 1284 983 1344 desiderabit
1002 1286 1071 1345 addi
1091 1288 1251 1347 amicorum
1272 1306 1324 1348 no-

147 1382 243 1453 mina,
266 1396 325 1437 non
344 1375 441 1453 magis
461 1392 549 1451 quam
571 1366 675 1456 784²),
700 1377 731 1432 et
749 1375 909 1449 ampliores
931 1375 1053 1434 lacunas
1072 1376 1203 1436 librariis
1223 1376 1324 1452 potius

146 1467 360 1545 imputaverim
370 1483 460 1541 quem
471 1463 646 1524 editoribus.
667 1463 875 1522 Verbaautem
884 1464 949 1542 425:
959 1467 1122 1534 meministi,
1133 1483 1197 1525 cum
1207 1468 1325 1539 quaudo

147 1562 323 1632 ucifirmares
342 1573 402 1614 esse
419 1556 451 1613 in
470 1558 522 1613 tua
534 1552 676 1628 potestate
697 1556 801 1628 aperte
824 1558 895 1611 sunt
917 1557 1058 1628 corrupte
1081 1556 1113 1613 et
1136 1556 1177 1614 sic
1196 1556 1324 1616 fortasse

146 1648 290 1723 sananda,
309 1648 344 1703 ut
363 1643 542 1703 scribamus:
566 1643 748 1710 „Meministi
767 1636 910 1718 (EUM)
930 1659 995 1701 cum
1014 1645 1129 1715 uuanda
1148 1645 1324 1717 adfirmares

145 1760 172 1811 q.
187 1734 237 1797 r.“.
275 1735 352 1792 Tum
371 1732 450 1790 idem
469 1731 581 1790 amicus
605 1733 652 1790 est
669 1730 890 1807 intellegendus
910 1733 1001 1808 atque
1021 1734 1085 1810 421.
1122 1732 1238 1792 Deinde
1258 1737 1322 1815 933.

148 1829 226 1905 115,
244 1843 301 1884 vox
316 1820 563 1890 ..taruanense
578 1820 676 1879 estad
691 1820 782 1878 animi
801 1819 988 1896 vocabulum,
1007 1823 1135 1897 utroque
1154 1823 1218 1882 loco
1237 1822 1269 1881 in
1288 1843 1322 1883 eo

145 1916 224 1993 ‹luod
235 1911 387 1973 antecedit
396 1910 550 1969 enuntiato
563 1927 727 1969 occurrens.
752 1908 837 1979 Quod
851 1928 922 1969 vero
936 1901 1076 1991 Ionasl)
1093 1914 1123 1970 et
1134 1906 1321 1992 Bartsch4)

144 2025 195 2064 eos
215 2020 333 2079 quoque
351 2000 431 2059 locos
451 1999 656 2075 excluserunt,
681 1998 732 2058 ubi
755 1997 863 2057 Lucilii
886 1999 1048 2058 amicorum
1071 1993 1245 2080 nomina5),
1270 2002 1321 2061 ille

143 2094 236 2153 etiarn
246 2091 298 2150 ubi
312 2079 591 2168 philosophorum⁶)
606 2088 779 2164 reticentur,
794 2106 853 2146 non
868 2090 949 2147 recte
963 2087 1108 2148 fecerunt.
1134 2089 1216 2147 Nihil
1232 2091 1320 2168 enim,

144 2184 170 2242 si
190 2181 309 2242 omnino
329 2176 507 2237 metuendus
524 2181 588 2235 erat
602 2176 690 2251 Nero,
711 2177 775 2235 eius
794 2179 867 2251 puto
882 2177 1063 2253 interfuisse,
1080 2177 1170 2237 huius
1186 2197 1223 2237 an
1237 2180 1321 2239 illius

143 2271 371 2331 nominarentur
391 2265 487 2339 amici,
506 2264 665 2324 dummodo
684 2265 716 2324 in
730 2265 777 2324 his
793 2265 931 2341 epistulis
945 2265 1150 2344 laudarentur,
1170 2271 1201 2326 et
1215 2267 1240 2326 si
1255 2269 1320 2344 phi·

143 2360 260 2436 lasophi
280 2358 379 2432 erant,
403 2354 570 2433 considera,
596 2354 739 2414 Senecam
762 2355 860 2430 ipsum
881 2355 975 2414 fuisse
993 2355 1206 2432 philosophum
1225 2376 1320 2434 neque

142 2449 258 2507 Neroni
277 2463 441 2523 quosquam
461 2443 558 2518 magis
577 2444 671 2503 fuisse
687 2445 841 2520 suspectos
856 2462 947 2520 quam
962 2443 1086 2502 Stoicos.
1096 2436 1121 2524 ⁷)
1155 2445 1210 2504 His
1225 2446 1321 2522 igitur

143 2542 174 2597 et
189 2537 314 2613 reliquis
329 2532 403 2593 locis
418 2532 580 2592 desiderari
599 2531 711 2608 aliquid
731 2532 824 2591 libere
843 2531 994 2591 confiteor.
1029 2530 1087 2591 Sed
1101 2533 1205 2609 quidni
1221 2536 1320 2595 omnia

143 2629 198 2686 illa
215 2626 336 2686 nomina
351 2622 462 2681 Seneca
479 2624 599 2697 poterat
617 2620 778 2681 omittere?
801 2620 920 2680 Haase
939 2620 1002 2696 ipse
1021 2621 1165 2700 concedit,
1183 2623 1319 2683 futurum

143 2735 209 2776 esse
228 2723 339 2774 utnon
358 2712 432 2770 satis
451 2711 600 2788 valerent,
624 2729 700 2787 quae
723 2711 863 2786 protulit,
887 2710 925 2768 ad
949 2711 1128 2769 sententiam
1148 2731 1231 2770 suam
1251 2731 1319 2789 pro-

142 2806 286 2879 bandam,
310 2803 336 2862 si
354 2799 477 2858 Maximi
495 2817 603 2858 nomen
622 2802 703 2858 esset
716 2800 865 2875 deletum,
889 2799 967 2874 quod
987 2799 1117 2859 Senecae
1135 2800 1193 2876 ipsi
1215 2802 1320 2862 fuisset

143 2895 312 2954 delendum.
353 2889 396 2948 At
419 2887 497 2947 unde
521 2889 578 2948 scit
600 2889 651 2947 ille
674 2888 721 2948 vir
745 2889 935 2948 doctissimus
960 2889 1039 2947 hunc
1061 2907 1122 2948 non
1146 2891 1257 2949 eisdem
1282 2892 1318 2950 de

141 2985 241 3044 causis
260 2985 360 3041 tutum
380 2997 444 3037 esse
463 2977 561 3038 visum
581 2980 672 3053 atque
690 2976 849 3055 Lucilium,
869 2977 951 3036 cuius
970 2996 1079 3036 nomen
1098 2979 1236 3039 omnibus
1256 2980 1317 3057 epi·

141 3074 230 3133 stalis
246 3074 293 3131 est
311 3065 531 3145 praemissum?
554 3067 660 3127 Nonne
675 3066 749 3126 alias
764 3067 909 3142 epistulas
924 3067 961 3125 ad
976 3068 1104 3126 eundem
1119 3063 1315 3150 Maximum⁸)

140 3162 260 3238 scripsit
278 3155 465 3235 permultas?

215 3298 241 3364 1)
261 3295 326 3347 Tac.
338 3295 369 3346 A.
379 3289 429 3344 XV
441 3295 488 3344 71:
508 3289 547 3344 At
564 3289 693 3346 Caedicia
710 3305 783 3346 umor
800 3289 931 3345 Scaeuini
949 3296 973 3345 et
989 3289 1154 3347 Caesennius
1172 3291 1317 3348 Maximus

140 3369 231 3425 Italia
245 3365 435 3436 probibentur,
453 3377 512 3417 reas
529 3362 615 3428 suisne
633 3378 660 3417 se
678 3367 787 3417 tautum
801 3377 893 3430 poena
912 3363 1024 3431 auperti.

214 3440 241 3508 2)
264 3436 387 3490 Multum
405 3433 473 3488 mibi
491 3433 664 3488 contuleruut
682 3433 719 3488 ad
738 3433 836 3489 bonum
854 3433 1037 3488 valetudinem
1056 3434 1147 3488 amici

214 3514 240 3575 3)
260 3507 301 3561 De
312 3503 408 3561 ordine
418 3504 555 3558 librorum
567 3503 596 3559 L.
606 3502 715 3559 Annaei
729 3502 851 3560 Senecae
865 3504 1036 3573 philosophi.
1055 3504 1145 3560 Berol.
1159 3509 1228 3558 1870
1239 3523 1264 3574 p.
1273 3511 1316 3559 67.

213 3583 241 3649 4)
260 3578 314 3632 Zur
332 3575 425 3631 Kritik
445 3575 494 3629 der
511 3573 605 3629 Briefe
624 3575 750 3631 Senecas.
774 3576 879 3646 (progr.
896 3592 989 3644 gymn.
1005 3574 1131 3630 Anclam.
1148 3579 1228 3644 1870)
1247 3593 1274 3645 p.
1290 3583 1314 3631 6.

213 3656 239 3721 a)
262 3657 316 3719 11,.
335 3654 391 3717 aa.
412 3651 484 3717 112,
558 3651 585 3707 er
605 3653 659 3716 aa,
681 3652 750 3717 aar
771 3653 826 3717 m,

215 3725 241 3793 7)
261 3719 315 3776 Sir.
335 3717 399 3772 Tac.
418 3717 451 3773 A.
471 3717 534 3772 XIV
553 3722 601 3772 ὅτε
629 3717 762 3773 Plautum
785 3718 893 3789 mapnis
915 3719 1012 3787 opibus
1034 3734 1069 3772 nc
1090 3720 1191 3787 inpare
1209 3717 1316 3786 quidem

140 3796 297 3865 cupidinem
316 3791 376 3856 atii,
399 3790 445 3845 aed
463 3795 579 3845 aeterum
597 3788 786 3844 Romanarum
808 3790 979 3844 imitamenta
997 3789 1153 3859 praeferre,
1176 3795 1316 3857 assumpta

140 3870 223 3924 etium
241 3864 395 3920 Stoicarum
413 3863 577 3929 crispantia
594 3866 730 3930 sectaque,
757 3877 825 3931 puae
850 3861 974 3916 turbidas
997 3865 1022 3915 et
1043 3861 1213 3929 nepotianum
1232 3860 1315 3930 adpe-

140 3944 223 3994 tentes
241 3936 337 4003 fuciut.
374 3930 439 3985 XVI
454 3938 502 3985 22:
524 3932 586 3987 Ista
600 3963 633 3972 -
649 3930 805 3987 Stoicorum
821 3962 851 3973 -·
869 3938 941 3988 secta
953 3932 1107 3987 Tuberones
1125 3937 1150 3986 et
1163 3930 1315 4000 Fauonios,

140 4011 223 4065 ceteri
251 4019 354 4076 quaque
371 4004 414 4058 rei
433 4004 562 4072 publicae
580 4005 695 4073 impiata
712 4004 838 4070 nomina,
880 4005 964 4058 enuit.
1010 4003 1046 4059 Ut
1072 4004 1216 4073 imperium
1244 4019 1313 4058 eaer-

141 4086 212 4148 tunt,
230 4079 379 4134 libertatem
393 4075 570 4143 praeferunt:
588 4076 614 4129 si
627 4075 816 4143 perverterint,
835 4020 984 4129 tidericum
1002 4076 1091 4143 ipsum
1110 4075 1314 4143 adpredieutur.

141 4158 191 4207 27:
211 4149 323 4204 Etenim
341 4147 409 4215 quta
427 4147 527 4200 mirum
545 4163 558 4201 e
577 4146 734 4216 taupinquis
747 4146 903 4215 prouinciis
915 4146 991 4201 baud
1004 4147 1101 4210 ueniri,
1120 4162 1181 4200 cuna
1191 4146 1315 4214 plerique

140 4222 235 4291 adepti
253 4218 423 4274 consulatum
445 4222 470 4271 et
493 4218 645 4273 sacerdotia
668 4219 809 4272 tortorum
828 4217 923 4287 patius
946 4218 1108 4272 amoenitati
1129 4216 1313 4272 inservirent?

140 4293 221 4347 Adde
246 4288 321 4359 quad
343 4287 503 4342 Demetrius
526 4285 659 4358 Cynicus,
684 4305 767 4357 quem
791 4288 896 4358 passim
920 4286 1019 4343 Madet
1043 4288 1147 4342 Seneca
1169 4288 1236 4358 (20,
1257 4293 1313 4359 ⁶2³·

141 4373 209 4435 67„.
230 4368 289 4432 91„
310 4360 375 4428 etc.)
394 4361 502 4414 tantum
523 4359 595 4415 eluit
613 4363 644 4413 ut
662 4374 761 4413 revere
778 4361 857 4414 tutus
876 4360 951 4414 esset
965 4359 1001 4412 ab
1020 4360 1218 4428 imperatorum
1238 4359 1313 4427 odio,

141 4438 173 4492 ut
191 4452 264 4489 anno
284 4437 316 4486 71
337 4448 354 4483 a
372 4426 545 4500 Vespasiano
565 4430 663 4486 exsilio
682 4429 835 4499 puniretur.
865 4429 913 4486 cfr.
934 4430 987 4486 Dio
1007 4437 1077 4502 66„.

212 4512 239 4575 8)
258 4505 306 4560 clr.
330 4501 413 4557 Mart.
437 4502 524 4573 epigr.
550 4500 601 4557 Vll
625 4508 671 4558 46:
701 4501 835 4558 Facundi
857 4502 973 4559 Senecae
994 4509 1090 4571 potens
1112 4502 1217 4557 amicus
1241 4499 1312 4557 Uaro
