2934 4966
386 301 426 358 De
445 300 474 356 L.
495 302 601 356 Annaei
622 302 744 356 Senecae
763 300 892 372 epistulis
910 301 1072 358 moralibus.
1249 305 1312 377 631

143 473 236 530 tiones
255 516 261 530 .
277 517 306 530 ..
327 472 428 530 litteris
444 473 560 531 0000010.
599 472 627 531 3.
646 474 826 530 0001001100
845 514 896 530 ...
915 473 983 531 aliie
1005 476 1201 532 monstro...
1240 474 1268 531 6.
1291 474 1318 532 st

142 561 351 628 1000000000,
370 563 397 619 si
414 562 483 619 10000
501 578 566 619 aim
578 563 705 634 postcris
723 561 822 632 100000
841 579 866 633 q.
880 565 932 620 s.“.
970 560 1042 630 Quis
1063 560 1180 636 estqui
1199 560 1318 620 dubitet

143 649 218 724 quin
232 647 345 708 Seneca
363 650 436 709 haec
453 669 514 709 non
533 649 687 725 scripserit
704 649 763 707 nisi
782 647 940 708 editurus?
965 649 1042 709 Puto
1061 649 1156 726 igitur
1175 649 1317 724 scriptam

144 756 213 796 esse
228 758 272 813 ep.
288 740 308 797 8
323 757 391 797 cunr
406 739 508 798 ederet
522 737 634 798 Seneca
648 737 778 814 primum
792 738 990 822 epistularum
1004 739 1144 799 volumen
1158 743 1317 814 postquam

142 827 174 884 in
195 827 292 885 otium
311 846 343 886 se
361 827 482 903 recepit.

235 915 302 975 Iam
319 916 485 991 inspiciatis
504 920 617 992 ep.12.
647 916 815 976 Senectutis
834 916 900 975 lans
920 917 957 975 ad
976 918 1076 976 cetera
1095 917 1230 976 eiusdem
1248 917 1318 976 libri

143 1007 325 1078 argumenta
342 1024 403 1065 non
421 1006 562 1081 pertinet.
598 1005 795 1081 Lepidissime
814 1008 916 1064 tamon
934 1010 982 1065 est
999 1006 1175 1081 conscripta.
1211 1005 1318 1083 Itaque

143 1093 280 1152 arbitror
295 1095 370 1153 hanc
385 1113 450 1154 esse
467 1113 574 1168 veram,
589 1095 674 1153 nulla
688 1095 748 1154 alia
762 1094 799 1153 de
814 1112 912 1171 causa,
926 1095 984 1153 nisi
998 1113 1035 1153 nc
1050 1095 1195 1171 interiret,
1210 1096 1317 1154 ceteris

144 1182 271 1240 edendis
290 1183 442 1242 insertam.
476 1183 534 1242 Illa
549 1202 620 1244 vero
635 1184 758 1259 Epicuri
772 1185 922 1243 sententia
936 1184 1035 1243 nescio
1054 1202 1093 1242 an
1111 1187 1176 1242 tum
1195 1183 1317 1243 demum

142 1271 186 1330 sit
206 1271 331 1346 adiecta,
350 1276 384 1331 ut
403 1273 441 1330 ad
461 1276 576 1332 ceteras
596 1273 848 1333 accomodaretur.
881 1272 958 1331 Nam
973 1273 1121 1331 Heracliti
1139 1273 1232 1331 allata
1246 1291 1318 1333 voce

144 1363 201 1438 12,
219 1361 297 1419 diem
313 1360 424 1421 Seneca
437 1363 497 1421 iarn
513 1364 705 1436 expunxerat.
735 1360 849 1420 Tamen
867 1380 927 1420 non
945 1363 1046 1437 inepte
1065 1361 1140 1420 hanc
1155 1362 1318 1422 senectutis

142 1467 219 1508 suae
238 1450 467 1525 descriptionem
486 1452 571 1527 quasi
589 1451 755 1510 clausulam
778 1451 854 1510 libro
873 1451 968 1524 primo
988 1449 1117 1524 addidit,
1145 1451 1196 1527 qui
1215 1453 1263 1509 est
1282 1450 1318 1509 de

139 1538 208 1598 vita
227 1538 398 1598 ordinanda.

237 1625 349 1688 Similis
364 1632 410 1687 est
424 1630 501 1689 ratic
516 1629 664 1704 epistulae
680 1631 731 1705 21,
750 1646 827 1703 quae
842 1629 872 1685 in
888 1627 1052 1702 sapientiae
1071 1627 1160 1687 lande
1174 1630 1319 1704 occupata

142 1716 205 1775 etsi
228 1716 302 1775 nihil
326 1718 388 1776 fere
408 1719 540 1777 continet
563 1719 601 1777 ad
624 1718 829 1794 quaestionem
852 1717 1037 1792 propositam
1060 1718 1227 1792 pertinens,
1250 1721 1319 1792 apte

141 1807 249 1864 tamen
282 1807 395 1866 claudit
426 1808 537 1866 librum
569 1807 613 1882 II,
653 1825 711 1881 quo
745 1806 951 1882 philosophiae
987 1806 1155 1865 ostenditur
1194 1807 1319 1865 utilitas.

141 1894 269 1954 Minime
289 1899 389 1956 autern
411 1899 459 1954 est
476 1896 556 1954 iusta
575 1896 716 1971 epistula,
744 1896 796 1954 sed
820 1894 984 1970 composita
1003 1899 1037 1954 01
1056 1895 1202 1954 ederetur.
1240 1894 1318 1953 Nam

141 2002 225 2060 quae
244 1981 306 2059 §.5
328 1984 413 2043 dicit:
439 1986 534 2058 „qaod
551 1985 702 2058 Epicurus
720 1986 812 2043 amico
831 2001 883 2043 sao
895 1986 992 2057 potuit
1005 1987 1182 2056 promittere,
1199 1984 1251 2042 boc
1268 1985 1321 2044 tibi

136 2073 290 2148 promitto,
310 2074 437 2141 Lociit,“
457 2076 593 2149 spectans
612 2072 650 2131 ed
669 2073 792 2148 Epicuri
812 2073 915 2131 verba:
933 2071 986 2139 „St
1001 2073 1097 2146 pieria
1116 2075 1252 2146 10000010,
1271 2090 1320 2131 00-

142 2165 249 2221 liorem
266 2164 405 2235 epistulae
422 2180 502 2221 meac
521 2167 546 2221 ic
563 2164 671 2235 facient
684 2179 772 2234 quam
785 2163 962 2228 0000101010,
982 2179 1055 2234 quac
1073 2162 1142 2221 colis
1161 2165 1320 2235 eapropter

141 2268 222 2325 qaae
236 2252 366 2318 0010010,“
384 2252 458 2311 haec
471 2251 531 2310 nisi
543 2251 751 2326 publicaturus
767 2250 878 2309 Seneca
896 2268 956 2309 non
975 2250 1101 2326 scripsit.
1134 2249 1233 2326 Atque
1247 2269 1320 2326 quo·

141 2341 229 2398 niam
257 2339 304 2398 his
333 2341 432 2400 verbis
459 2344 558 2400 totum
585 2339 709 2415 respicit
737 2340 934 2415 epistularum
962 2358 1069 2414 corpus
1098 2339 1255 2399 collectum
1282 2341 1319 2397 ad

141 2429 309 2488 editionem
328 2429 525 2502 destinatum,
550 2430 694 2504 scriptam
718 2448 783 2487 eam
808 2447 872 2486 esse
897 2429 1002 2502 opinor
1020 2447 1086 2487 curn
1107 2429 1246 2487 ederetur
1264 2428 1320 2486 hoc

140 2518 295 2578 volumen.
329 2517 417 2576 Certe
436 2519 509 2577 haec
528 2522 558 2576 et
579 2537 623 2592 ep.
640 2519 680 2575 22
701 2536 760 2576 000
775 2517 913 2592 deinceps
933 2519 1003 2576 sunt
1023 2517 1159 2592 scriptae.
1193 2517 1270 2575 Nam
1289 2517 1321 2573 in

141 2610 275 2682 utraque
308 2606 469 2666 laudantur
502 2607 622 2682 Epicuri
655 2606 775 2664 litterae
807 2606 893 2663 datae
926 2605 965 2662 ad
992 2604 1198 2682 idomeneum,
1231 2610 1321 2681 atque

141 2697 179 2754 in
210 2695 340 2769 epistula
370 2697 409 2754 21
437 2696 585 2771 copiosius
614 2697 650 2753 de
679 2695 720 2754 eis
749 2693 859 2770 agitur.
905 2694 999 2753 Estne
1030 2694 1126 2770 igitur
1158 2694 1320 2753 verisimile

144 2787 223 2862 225,
248 2784 273 2842 si
296 2785 397 2843 statim
421 2785 597 2859 postillam
622 2787 702 2842 esset
725 2784 849 2858 scripta,
874 2782 1016 2842 Senecam
1040 2783 1190 2854 dicturum
1213 2783 1320 2842 fuisse:

139 2874 296 2946 „Epicuri
314 2875 466 2947 epistotam
484 2876 525 2933 ad
542 2874 617 2933 10000
635 2890 696 2932 rem
710 2875 900 2946 pertinentem
919 2874 986 2952 1001,
1010 2873 1163 2931 Idomeneo
1188 2874 1322 2945 000010-

141 2963 287 3023 scribitur
306 2981 330 3036 0.
345 2961 409 3020 s.“?
437 2963 544 3023 Nonne
563 2962 662 3037 potius
681 2961 819 3021 dixisset:
844 2979 951 3034 ‚paam
969 2963 1025 3020 scis
1043 2978 1088 3019 me
1106 2963 1241 3034 ieptssc“;
1259 2961 1320 3021 vel:

140 3068 263 3124 „quom
284 3053 554 3124 0000010οἀ0013
578 3053 626 3111 vel
650 3051 747 3110 simile
771 3040 904 3130 quid?¹)
941 3048 1059 3125 Scripta
1081 3049 1175 3125 igitur
1198 3055 1322 3108 estnon
1428 3082 1435 3097 ,-

141 3143 270 3199 tantum
296 3141 392 3198 altera
417 3141 517 3216 aliquo
544 3140 641 3215 spatio
668 3143 737 3214 post
760 3139 900 3212 alteram,
929 3138 981 3197 sed
1005 3139 1095 3197 etiam
1121 3141 1159 3197 21
1181 3142 1251 3214 post
1270 3141 1321 3213 22,

143 3227 266 3290 scilicet
284 3247 350 3287 curn
368 3229 503 3305 reliquae
522 3230 664 3289 collectae
683 3228 851 3288 ederentur.
1396 3305 1404 3311 .

241 3316 408 3393 Singularis
429 3322 475 3378 est
494 3337 538 3393 ep.
554 3319 606 3390 25,
624 3318 655 3376 in
674 3335 734 3392 qua
751 3317 826 3375 nihil
845 3316 927 3374 aliud
946 3318 1064 3391 spectat
1082 3316 1120 3375 ad
1139 3315 1233 3375 totius
1253 3316 1323 3375 libri

143 3409 364 3484 argumentum
391 3407 449 3466 nisi
477 3426 537 3466 una
565 3408 714 3465 sententia
738 3403 765 3480 ξ.
786 3408 820 3482 4,
844 3423 903 3480 qua
926 3406 1012 3464 docet
1036 3404 1159 3481 Seneca,
1182 3408 1322 3464 naturam

145 3513 304 3573 perpauca
318 3496 496 3572 desiderare,
516 3515 624 3571 panem
638 3498 728 3570 atque
743 3513 861 3570 aquam,
880 3493 997 3570 reliqua
1011 3512 1076 3554 esse
1092 3512 1321 3570 supervacanea.

143 3584 314 3645 Praeterea
332 3585 550 3644 sententiarum
570 3583 641 3643 ordo
657 3602 693 3643 ea
707 3586 854 3643 turbatur.
880 3583 1019 3658 Epistula
1034 3583 1112 3641 enirn
1129 3585 1169 3641 24
1184 3583 1322 3641 hortatur

145 3673 288 3748 scriptor,
307 3692 344 3731 ne
358 3673 518 3733 timeamus
533 3692 618 3749 vana,
637 3692 683 3749 ep.
699 3675 741 3732 26
760 3676 850 3731 0100
870 3675 996 3731 mortem
1015 3673 1134 3747 quidem
1153 3671 1321 3730 timeamus.

145 3762 350 3836 Frugalitatis
365 3763 582 3823 commendatio
596 3781 656 3821 non
666 3760 794 3838 quadrat
802 3763 835 3819 in
846 3760 925 3818 hunc
940 3760 1155 3819 sententiarum
1170 3778 1323 3819 conexum.

145 3850 282 3910 Videtur
296 3855 397 3910 autem
411 3872 482 3931 uera
497 3871 562 3912 esse
577 3851 714 3926 epistula.
743 3850 854 3925 Agitur
869 3849 948 3907 enim
962 3868 998 3908 ea
1011 3849 1048 3908 de
1063 3849 1178 3908 duobus
1194 3848 1323 3907 Senecae

146 3939 257 4000 amicis
275 3940 359 4000 vario
382 3942 469 4000 modo
493 3961 511 4000 0
535 3940 615 4001 011110
636 3939 673 3998 ad
692 3939 837 3999 virtutem
860 3937 1012 3998 ducendis.
1049 3937 1182 4007 Quorum
1203 3938 1323 3996 nomina

146 4048 221 4089 cnm
239 4047 298 4089 non
317 4030 461 4107 legamus,
480 4034 554 4106 puto
573 4048 610 4088 ne
626 4028 847 4088 offenderentur
865 4027 910 4086 illi
930 4046 995 4086 0000
1014 4019 1150 4107 0100101)
1184 4025 1324 4085 Arbitror

146 4119 256 4192 itaque
272 4118 361 4194 hanc,
384 4119 461 4179 sicut
481 4121 521 4178 12
541 4119 626 4177 00110
645 4118 705 4176 0110
723 4117 760 4176 de
779 4135 869 4176 causa
887 4134 952 4175 esse
971 4119 1136 4193 receptam,
1154 4114 1214 4173 nisi
1232 4119 1266 4174 01
1285 4115 1323 4174 ab

146 4206 279 4267 interitu
298 4211 478 4268 servaretur.
514 4208 562 4266 Ad
588 4210 702 4267 ceteras
729 4206 826 4281 quoad
852 4205 916 4264 fieri
939 4205 1038 4281 potuit
1064 4209 1109 4264 est
1133 4204 1324 4264 accomodata

145 4294 264 4356 additis
283 4295 404 4371 Epicuri
428 4297 543 4355 duabus
568 4295 733 4355 sententiis.
771 4294 849 4353 Nam
872 4294 948 4353 mori
971 4312 1024 4353 suo
1048 4295 1107 4352 iam
1131 4295 1220 4352 antea
1239 4293 1325 4351 satis-

146 4416 366 4427 -—-—-...

228 4485 253 4550 1)
273 4483 320 4538 cir.
342 4487 396 4552 10,
418 4486 491 4554 15„.'
559 4485 586 4554 2)
605 4484 654 4538 cfr.
674 4500 759 4554 supra
778 4501 804 4552 p.
820 4487 934 4537 602-5.

1095 4576 1111 4623 3
