2934 4966
390 328 432 383 De
450 328 480 384 L.
502 328 609 383 Annaei
628 330 749 384 Senecae
768 327 899 399 epistulis
917 329 1078 385 moralibus.
1253 330 1318 394 639

238 500 373 575 Denique
400 499 597 576 epistularum
626 498 752 574 speciem
781 497 877 559 adhue
901 499 1062 576 diligenter
1084 503 1185 561 servat
1207 500 1320 561 Seneca

138 595 177 650 et
202 589 315 666 passim
337 590 459 666 respicit
482 588 521 647 ad
539 588 647 647 Lucilii
670 588 829 665 epistulas,
857 607 932 664 qnae
957 590 995 648 ad
1014 608 1045 649 se
1064 590 1125 649 sint
1142 583 1318 668 perlatae.¹)

139 681 264 739 Tamen
290 696 350 737 non
376 697 478 738 omnes
507 681 577 737 sunt
600 696 687 739 verae
713 678 868 754 epistulae.
911 677 998 738 Certe
1023 679 1174 738 interdum
1197 680 1234 738 de
1256 698 1318 738 ma·

140 770 213 830 iore
238 768 367 845 quadam
393 787 485 844 agens
511 768 685 843 quaestione
707 767 766 826 iam
794 768 950 845 angustias
977 769 1031 827 has
1057 768 1113 828 sibi
1139 769 1231 827 sentit
1253 787 1319 829 esse

142 850 335 937 molestas.²)
372 856 421 916 Ita
437 856 551 916 factum
569 860 628 933 est,
653 858 689 914 ut
713 857 816 915 eadem
840 857 976 933 quaestio
999 876 1053 932 per
1072 858 1237 932 complures
1257 858 1320 933 epi-

144 948 247 1007 stulas
266 946 470 1023 continuetur,
493 945 569 1005 sicut
587 963 642 1020 per
660 947 702 1004 44
722 946 754 1004 et
771 947 827 1018 47,
850 945 959 1023 quibus
984 946 1071 1006 docet
1088 945 1202 1006 Seneca
1218 966 1319 1006 veram

144 1036 340 1096 nobilitatem
360 1038 497 1094 constare
516 1034 637 1107 virtute,
655 1053 715 1094 non
729 1034 817 1093 claris
832 1034 896 1094 avis
910 1054 1006 1110 neque
1021 1035 1152 1110 corporis
1170 1035 1319 1110 libertate,

148 1129 181 1185 et
202 1145 255 1200 per
274 1144 338 1201 epp.
355 1126 406 1184 45.
425 1126 477 1184 48.
497 1125 549 1200 49,
567 1123 675 1198 quibus
695 1123 834 1199 ostendit,
853 1124 984 1182 animum
1003 1125 1253 1200 perlectnm'esse
1272 1145 1319 1184 ex-

145 1214 316 1287 celsiorem,
335 1233 425 1290 quam
444 1213 496 1289 qui
512 1213 550 1271 ad
564 1212 785 1272 dialecticorum
801 1212 984 1287 sophismata
998 1213 1158 1274 descendat
1171 1214 1321 1274 audienda
1380 1235 1382 1239 ⁴

146 1308 181 1363 et
201 1303 350 1363 solvenda.
378 1301 442 1362 Has
458 1301 484 1363 si
498 1301 635 1377 deinceps
649 1301 768 1379 legeris,
787 1302 957 1377 praeteritis
975 1306 1078 1362 tamen
1092 1305 1162 1382 451,
1176 1322 1194 1361 1
1207 1305 1319 1364 verbis:

149 1395 222 1461 „aed
239 1411 275 1451 ue
292 1394 432 1466 epistulae
449 1393 566 1450 meduna
585 1392 717 1451 11111111
734 1409 760 1464 q.
774 1395 817 1451 s.“
836 1409 930 1466 usque
949 1393 986 1450 ad
1004 1393 1103 1466 finem,
1121 1393 1195 1452 item
1213 1395 1319 1472 481.5,

149 1486 207 1560 491
228 1500 323 1556 usque
342 1481 381 1540 ad
399 1479 428 1556 ἓ.
444 1482 463 1540 5
483 1480 588 1541 verba:
610 1482 667 1549 „iu
684 1498 865 1553 superuacua
883 1483 1023 1541 maiorem
1034 1486 1152 1555 purtem
1170 1487 1319 1556 erepere“,

146 1571 226 1631 nihil
244 1570 436 1630 desiderabis.
474 1569 563 1628 Tales
582 1569 703 1628 minime
723 1573 793 1628 sunt
811 1588 899 1629 verae
919 1571 1078 1648 epistulae,
1104 1572 1156 1630 sed
1175 1581 1322 1631 commen·

147 1661 282 1720 tationes
300 1659 332 1718 in
351 1660 450 1735 capita
468 1658 582 1719 divisae
600 1658 778 1732 interiectis,
804 1677 882 1734 quae
906 1658 1104 1734 epistularum
1126 1660 1322 1722 restituerent

146 1769 286 1826 specrem.

241 1837 297 1897 Sed
321 1837 428 1897 horum
451 1836 597 1896 librorum
620 1855 738 1913 quoque
761 1836 840 1894 inter
862 1839 1025 1913 utrumque
1050 1838 1165 1914 aliquid
1187 1831 1342 1899 interest

148 1927 196 1986 lV
216 1926 297 1985 enim
315 1927 386 1984 libri
404 1925 550 2001 epistulas
569 1926 629 1984 iam
649 1925 766 1986 vidistis
785 1924 882 2000 magis
902 1945 937 1984 eo
956 1927 1124 2004 cohaerere,
1146 1929 1224 2003 quod
1243 1927 1322 1987 idem

146 2018 179 2076 in
202 2016 340 2076 omnibus
360 2016 516 2074 consilium
535 2015 671 2090 seqnitur
691 2015 828 2089 scriptor,
851 2031 919 2072 cum
937 2008 981 2073 Vi
999 2019 1177 2092 argumenta
1195 2016 1322 2077 certiore

146 2105 368 2166 sententiarum
386 2114 499 2163 conexu
517 2103 689 2179 procedant.
720 2103 829 2178 Itaque
848 2103 952 2162 eadem
971 2104 1032 2163 fere
1052 2105 1174 2164 secundi
1190 2106 1322 2181 corporis

145 2203 197 2255 est
216 2195 293 2253 ratio
312 2192 404 2269 atque
422 2192 521 2268 primi.
548 2191 713 2268 Utriusque
737 2192 814 2251 enirn
833 2191 941 2267 prioris
960 2194 1056 2268 partis
1075 2194 1222 2269 epistulae
1241 2199 1322 2255 certo

145 2283 274 2345 consilio
293 2286 365 2343 sunt
383 2282 535 2359 collectae,
554 2282 678 2340 alterius
697 2280 890 2355 conscriptae.

160 2386 163 2391 ’
238 2372 426 2448 lamperes
446 2370 606 2431 verisimile
625 2371 685 2447 est,
709 2370 808 2429 omnia
826 2388 938 2446 genera
957 2371 1167 2447 epistularum,
1191 2392 1268 2450 quae
1291 2373 1323 2432 in

144 2462 248 2539 primo
267 2479 391 2536 corpore
409 2460 586 2534 invenimus,
606 2477 760 2519 occurrere
774 2459 865 2518 etiam
879 2459 910 2517 in
924 2460 1027 2519 altero.
1061 2460 1096 2519 In
1111 2461 1210 2538 priore
1228 2461 1322 2538 igitur

145 2552 229 2611 libro
248 2550 351 2609 insunt
368 2549 530 2608 nonnullae
549 2547 705 2623 epistulae,
724 2566 798 2623 quas
817 2566 993 2622 persuasum
1011 2549 1107 2608 habeo
1123 2551 1218 2611 multo
1233 2554 1322 2610 antea

145 2643 210 2701 iam
231 2658 296 2699 esse
316 2639 452 2713 scriptas.
489 2638 553 2697 Iam
576 2638 617 2697 30
636 2638 733 2713 magis
757 2636 887 2712 pertinet
909 2637 948 2695 ad
970 2638 1059 2712 primi
1083 2640 1214 2715 corporis
1233 2659 1322 2716 quae-

146 2729 277 2804 stiones,
300 2746 397 2803 neque
416 2727 486 2787 novi
504 2726 666 2802 quidquam
684 2726 716 2784 in
733 2725 787 2784 illa
805 2726 925 2784 additur
944 2727 1000 2803 eis,
1023 2746 1101 2803 quae
1125 2730 1156 2788 in
1176 2731 1216 2789 26
1237 2732 1322 2788 erant

145 2819 304 2894 disputata
323 2817 359 2875 de
377 2819 474 2874 morte
493 2815 717 2876 contemnenda.
754 2815 860 2890 Itaque
878 2815 1009 2875 arbitror
1027 2835 1101 2892 eam,
1121 2837 1187 2876 cum
1205 2818 1321 2894 priores

134 2908 372 2983 colligerentur,
387 2904 529 2964 reiectam
544 2908 657 2982 postea,
670 2923 708 2963 ne
723 2902 836 2962 Aufidii
851 2904 937 2963 Bassi
951 2905 1017 2964 laus
1031 2904 1177 2984 interiret,
1193 2908 1322 2967 fortasse

144 2999 218 3073 post
235 2995 317 3054 illius
338 2996 473 3067 mortem,
491 2994 523 3052 in
541 2994 670 3052 alterum
686 3012 794 3069 corpus
814 3011 879 3052 esse
898 2996 1058 3069 receptam.
1092 2996 1170 3055 Item
1189 2999 1321 3073 1111133,

148 3087 202 3158 34,
223 3086 274 3160 35,
294 3085 345 3157 36,
365 3085 407 3144 37
426 3101 494 3141 cum
513 3085 609 3159 magis
628 3084 765 3158 spectent
784 3082 931 3143 advitam
951 3083 1145 3143 ordinandam
1161 3086 1321 3145 secundum

145 3176 248 3234 rectae
267 3173 393 3232 rationis
408 3171 575 3245 arbitrium,
595 3172 698 3231 eodem
712 3171 777 3231 loco
792 3174 863 3230 sunt
875 3171 1037 3231 habendae.
1071 3172 1156 3233 Adde
1171 3174 1249 3250 quod
1265 3176 1320 3254 361

145 3258 259 3323 nomen
281 3262 369 3320 amici
392 3260 586 3320 desideratur.
623 3260 707 3320 Idem
726 3260 805 3320 cadit
828 3261 860 3319 in
878 3260 907 3317 V
925 3261 995 3320 libri
1014 3261 1174 3338 epistulam
1192 3264 1322 3339 primam

146 3343 246 3435 (421).
271 3350 431 3410 Praeterea
441 3351 534 3425 ep.35
545 3352 608 3408 tam
619 3350 780 3425 abruptum
791 3352 837 3409 est
846 3349 974 3421 initium,
984 3353 1087 3410 utnon
1097 3352 1239 3427 dubitem,
1249 3353 1322 3430 quin

145 3440 231 3518 prior
249 3458 331 3517 pars,
356 3441 510 3515 tamquam
525 3439 633 3498 ,minus
655 3438 777 3514 idonea,
800 3457 876 3513 quae
894 3439 1112 3519 publicaretur,
1137 3441 1177 3500 sit
1195 3442 1321 3520 abscisa,

146 3530 227 3607 quod
255 3529 314 3589 nisi
336 3529 369 3587 in
391 3528 479 3587 iustis
503 3527 613 3587 litteris
637 3527 755 3590 evenire
773 3528 823 3588 vix
845 3529 973 3603 poterat.
1011 3528 1076 3589 Hae
1099 3530 1193 3608 igitur
1218 3550 1320 3590 omnes

145 3618 289 3680 videntur
303 3636 391 3678 verae
406 3635 470 3676 esse
481 3617 637 3694 epistulae,
646 3619 742 3693 antea,
756 3635 824 3676 oum
839 3617 999 3676 ederentur
1012 3619 1136 3696 priores
1150 3619 1287 3679 reiectae.
1294 3611 1320 3701 ³)

144 3708 283 3782 Accedit,
301 3707 381 3784 quod
399 3707 431 3765 in
448 3706 496 3768 his
515 3706 681 3767 invenimus
701 3707 923 3767 cohortationes
942 3706 1109 3768 simillimas
1125 3709 1178 3785 eis,
1196 3727 1271 3785 quas
1290 3708 1321 3768 in

145 3797 301 3874 prioribus
321 3796 522 3856 voluminibus
541 3796 679 3872 legimus,
698 3796 755 3855 etsi
774 3813 827 3855 eae
847 3798 926 3869 sunt,
948 3796 1055 3872 quibus
1074 3797 1228 3858 admoneri
1242 3797 1322 3857 vide-

144 3890 218 3946 atur
237 3887 296 3944 iam
316 3885 444 3945 ulterius
467 3903 645 3962 progressus
668 3884 700 3942 in
717 3884 924 3961 philosophiae
943 3878 1081 3966 stultior)
1120 3887 1253 3962 Denique
1272 3887 1319 3945 bis

222 4095 247 4157 1)
267 4097 323 4160 aa„
342 4097 398 4160 aa„
417 4095 472 4160 aa,
492 4097 547 4161 aq.
568 4095 764 4161 41,.41,.431
787 4094 841 4160 rs,
862 4096 919 4160 re,
940 4095 984 4160 ra,
1008 4096 1064 4160 sq.

219 4166 247 4231 a)
266 4168 338 4232 30„:
358 4162 412 4218 Sed
429 4165 516 4216 uereri
534 4164 623 4230 debeo,
639 4179 673 4217 11
691 4168 748 4217 tam
766 4161 862 4231 leupus
880 4163 1010 4229 1111111111
1024 4163 1102 4230 peius
1116 4180 1198 4231 quam
1211 4169 1321 4218 laertem

143 4235 245 4290 odera
277 4240 351 4304 45„:
377 4233 430 4288 Sed
448 4251 482 4288 ac
500 4236 632 4302 epistulae
649 4234 758 4288 modum
775 4235 910 4300 recedam,
927 4250 996 4300 qaue
1013 4250 1071 4289 111
1088 4235 1163 4288 debet
1180 4236 1322 4290 1111111111

142 4322 259 4361 1111111
278 4305 388 4374 lepeaiis
406 4306 523 4374 implere.
561 4309 634 4375 47„:
653 4305 771 4360 Diutius
789 4311 814 4359 te
831 4306 936 4360 mermi
949 4305 1019 4360 acle.

219 4378 246 4444 3)
264 4377 313 4431 cfr.
333 4392 417 4444 supra
434 4395 460 4446 p.
476 4381 528 4430 633
547 4376 610 4431 adn.
630 4383 654 4431 2.
770 4426 773 4431 .

220 4453 247 4514 4)
268 4454 327 4518 32³²
351 4448 481 4502 Accelera
502 4453 528 4502 et
544 4448 640 4516 wude,
658 4448 765 4516 perduc
786 4453 812 4502 ie
834 4449 866 4501 ia
888 4451 977 4502 tutam
993 4452 1018 4502 et
1035 4446 1151 4502 subinde
1171 4449 1321 4516 1611111111,

143 4537 229 4591 queue
239 4520 359 4588 pulchra
373 4536 415 4574 res
428 4521 465 4574 eit
479 4535 664 4575 coasruamure
677 4520 763 4575 uitam
777 4523 840 4574 uate
852 4524 970 4574 1111111.
1003 4524 1063 4588 34,:
1082 4519 1188 4574 Adsere
1202 4525 1227 4574 te
1239 4521 1320 4574 mibi:
